Order ID,Customer Name,Category,Sub Category,City,Order Date,Region,Sales,Discount,Profit,State
OD15,Sundar,,Chicken,Kanyakumari,,Central,831.0,0.22,207.75,Tamil Nadu
OD16,Ramesh,Oil & Masala,Edible Oil & Ghee,Krishnagiri,11/22/2016,Central,1440.0,0.11,100.8,
OD17,Alan,Bakery,Cakes,Dharmapuri,11-11-2015,Central,1678.0,0.28,318.82,
OD22,Alan,Food Grains,Dals & Pulses,Karur,,Central,948.0,0.13,47.4,Tamil Nadu
,Haseena,,,Krishnagiri,12-09-2017,Central,,,148.47,Tamil Nadu
OD36,Sabeela,,Eggs,Tirunelveli,12-08-2017,Central,1265.0,0.22,569.25,Tamil Nadu
OD38,Willams,Fruits & Veggies,,Ramanadhapuram,12/27/2016,Central,1354.0,0.16,446.82,Tamil Nadu
OD40,,"Eggs, Meat & Fish",Chicken,,12/27/2016,Central,2045.0,0.23,879.35,Tamil Nadu
OD42,Arutra,,Soft Drinks,Salem,09-10-2018,Central,1868.0,0.18,616.44,Tamil Nadu
OD46,Vince,"Eggs, Meat & Fish",Eggs,Madurai,03-11-2017,Central,,,,Tamil Nadu
OD50,Amrish,Bakery,Cakes,Ooty,4/18/2016,Central,1259.0,0.15,415.47,Tamil Nadu
OD51,Esther,Beverages,Soft Drinks,Salem,4/18/2016,Central,902.0,0.29,153.34,
OD52,Shah,,Soft Drinks,Salem,,Central,2306.0,0.3,553.44,Tamil Nadu
OD67,Vinne,Food Grains,Atta & Flour,,4/30/2016,Central,1368.0,,,Tamil Nadu
,Veronica,Beverages,Soft Drinks,,12-09-2018,Central,1489.0,0.12,193.57,
OD79,,Snacks,,Vellore,11/26/2015,Central,719.0,0.2,,Tamil Nadu
OD85,Amy,Fruits & Veggies,Organic Fruits,Bodi,11/13/2018,Central,1044.0,0.1,344.52,Tamil Nadu
OD87,Sharon,Food Grains,Rice,Theni,10/26/2018,Central,1759.0,0.1,615.65,
OD88,,"Eggs, Meat & Fish",Eggs,Viluppuram,,Central,1663.0,0.26,665.2,
OD89,Sheeba,,Breads & Buns,Perambalur,04-05-2017,Central,2111.0,0.21,189.99,Tamil Nadu
OD93,Ravi,Food Grains,Atta & Flour,Madurai,1/31/2016,Central,2128.0,0.14,383.04,
OD94,Ram,Fruits & Veggies,Fresh Fruits,,1/31/2016,Central,2257.0,0.33,270.84,Tamil Nadu
,Vince,Snacks,,,,Central,,0.28,391.17,Tamil Nadu
OD101,Adavan,Bakery,Cakes,,,Central,2118.0,0.35,910.74,Tamil Nadu
OD102,,,Soft Drinks,,8/29/2017,Central,1527.0,0.17,671.88,Tamil Nadu
OD103,Vinne,Snacks,Chocolates,Nagercoil,12-01-2017,Central,567.0,,175.77,Tamil Nadu
OD110,Shree,Fruits & Veggies,Fresh Fruits,Coimbatore,10/15/2016,Central,1179.0,0.16,271.17,Tamil Nadu
OD113,Ravi,,Edible Oil & Ghee,,11-03-2017,Central,2155.0,0.3,581.85,Tamil Nadu
OD125,Sudeep,Bakery,,,12/26/2015,Central,975.0,0.26,,Tamil Nadu
OD126,,Fruits & Veggies,Organic Vegetables,,9/20/2015,Central,889.0,0.19,71.12,
OD145,Vinne,"Eggs, Meat & Fish",Mutton,,,Central,2403.0,0.2,624.78,Tamil Nadu
OD148,Harish,Fruits & Veggies,Fresh Vegetables,Tirunelveli,,Central,1125.0,,292.5,Tamil Nadu
,,Beverages,Health Drinks,Tenkasi,12-05-2017,Central,768.0,0.1,184.32,Tamil Nadu
OD150,Ravi,"Eggs, Meat & Fish",Fish,,12-05-2017,Central,1985.0,0.26,734.45,
OD151,Muneer,Food Grains,Rice,Bodi,12-05-2017,Central,2287.0,0.13,,Tamil Nadu
OD159,Amy,Beverages,Soft Drinks,Karur,11/20/2017,Central,2364.0,0.21,1040.16,Tamil Nadu
OD160,Amrish,Food Grains,Dals & Pulses,,11/20/2017,Central,1487.0,0.11,148.7,Tamil Nadu
,Haseena,Food Grains,Atta & Flour,Ramanadhapuram,09-08-2015,Central,1442.0,,,Tamil Nadu
OD166,Sudha,Beverages,Health Drinks,,,Central,,,422.5,
,Adavan,Snacks,,,09-08-2015,Central,2021.0,0.13,343.57,Tamil Nadu
OD168,Aditi,"Eggs, Meat & Fish",Mutton,Ooty,,Central,2340.0,0.25,491.4,Tamil Nadu
OD169,Krithika,,,Viluppuram,,Central,705.0,0.15,176.25,Tamil Nadu
,Sharon,"Eggs, Meat & Fish",Chicken,,09-08-2015,Central,1215.0,0.2,60.75,Tamil Nadu
OD171,Akash,Food Grains,Dals & Pulses,Krishnagiri,09-08-2015,Central,552.0,0.25,237.36,Tamil Nadu
OD175,Aditi,Fruits & Veggies,,Karur,,Central,1747.0,0.27,471.69,Tamil Nadu
OD176,Shah,Fruits & Veggies,Organic Fruits,Pudukottai,9/14/2015,Central,1973.0,0.15,848.39,Tamil Nadu
,Arvind,,Cookies,Bodi,12-05-2015,Central,,0.25,433.35,Tamil Nadu
,,Beverages,,Namakkal,12-05-2015,Central,1718.0,0.2,171.8,Tamil Nadu
OD189,Yusuf,Fruits & Veggies,Organic Fruits,Madurai,7/16/2017,Central,2015.0,0.24,,Tamil Nadu
OD204,Akash,Oil & Masala,Masalas,Vellore,12/17/2018,Central,,0.12,,Tamil Nadu
OD208,Haseena,"Eggs, Meat & Fish",,Ramanadhapuram,12-01-2018,Central,,0.25,360.81,Tamil Nadu
,Esther,"Eggs, Meat & Fish",Mutton,Pudukottai,12-01-2018,Central,2194.0,0.2,153.58,Tamil Nadu
,,Fruits & Veggies,Organic Vegetables,Kanyakumari,,Central,609.0,0.3,207.06,Tamil Nadu
,Verma,"Eggs, Meat & Fish",Chicken,Trichy,02-09-2016,Central,2353.0,0.26,423.54,Tamil Nadu
OD227,Komal,Food Grains,Organic Staples,Madurai,08-09-2016,Central,,0.17,295.2,Tamil Nadu
,Harish,Snacks,Cookies,Salem,08-09-2016,Central,560.0,0.34,,Tamil Nadu
OD240,Arvind,Snacks,,Trichy,06-04-2017,Central,2492.0,0.14,124.6,Tamil Nadu
OD241,Ramesh,,Cakes,,06-04-2017,Central,962.0,0.33,423.28,
OD242,Malik,Beverages,,,06-04-2017,Central,1432.0,0.3,214.8,Tamil Nadu
OD243,,Oil & Masala,Edible Oil & Ghee,,06-04-2017,Central,,0.12,78.45,Tamil Nadu
OD244,Amy,Oil & Masala,Masalas,,06-04-2017,Central,1540.0,0.11,646.8,Tamil Nadu
,Vinne,"Eggs, Meat & Fish",Fish,Kanyakumari,06-01-2015,Central,,0.31,369.3,Tamil Nadu
,Sudeep,Fruits & Veggies,Organic Fruits,Perambalur,,Central,,0.21,,
OD248,Ridhesh,Beverages,Health Drinks,Cumbum,06-01-2015,Central,538.0,0.19,59.18,Tamil Nadu
OD249,Ravi,Snacks,Cookies,Ooty,06-01-2015,Central,1556.0,0.17,482.36,Tamil Nadu
OD255,,,Rice,,11/28/2016,Central,1899.0,0.27,170.91,Tamil Nadu
OD257,Ravi,,Soft Drinks,Ooty,11/28/2016,Central,2417.0,0.1,990.97,Tamil Nadu
OD258,Sundar,"Eggs, Meat & Fish",Mutton,,11/28/2016,Central,1443.0,0.25,476.19,Tamil Nadu
OD262,Ravi,Food Grains,Organic Staples,Krishnagiri,,Central,867.0,0.18,216.75,Tamil Nadu
,Roshan,Food Grains,Organic Staples,,9/19/2015,Central,943.0,0.33,,Tamil Nadu
OD265,Jonas,"Eggs, Meat & Fish",,Cumbum,,Central,1200.0,0.19,420.0,Tamil Nadu
,Roshan,Fruits & Veggies,,Perambalur,9/26/2016,Central,1357.0,0.24,203.55,Tamil Nadu
OD304,Muneer,Snacks,Cookies,,11/19/2018,Central,2090.0,,292.6,Tamil Nadu
OD306,Veronica,Bakery,Breads & Buns,Salem,12/30/2015,Central,1157.0,0.2,,Tamil Nadu
OD345,Vinne,,Chicken,Coimbatore,,Central,1238.0,0.1,,Tamil Nadu
,Malik,Fruits & Veggies,Fresh Vegetables,,5/29/2018,Central,688.0,0.21,116.96,
,Sudeep,Food Grains,Rice,Karur,,Central,1698.0,,339.6,
OD377,Ganesh,Snacks,,,9/28/2017,Central,2091.0,0.27,522.75,Tamil Nadu
,Krithika,Food Grains,Rice,,4/28/2016,Central,1132.0,0.21,,Tamil Nadu
OD384,Jackson,Beverages,Health Drinks,Trichy,6/26/2016,Central,2109.0,0.19,337.44,Tamil Nadu
,Ridhesh,,Edible Oil & Ghee,Pudukottai,06-07-2015,Central,,0.29,382.4,
OD398,Rumaiza,,Noodles,Kanyakumari,10/31/2016,Central,647.0,0.33,71.17,Tamil Nadu
OD399,,,Breads & Buns,Trichy,09-08-2017,Central,1042.0,,177.14,
OD427,Sudha,Beverages,Health Drinks,Tenkasi,11/23/2018,Central,581.0,0.2,214.97,Tamil Nadu
OD429,Willams,Fruits & Veggies,Organic Vegetables,Nagercoil,,Central,913.0,0.19,,Tamil Nadu
OD437,,"Eggs, Meat & Fish",Eggs,Dharmapuri,,Central,2200.0,0.1,792.0,Tamil Nadu
OD438,,Snacks,Noodles,,06-12-2017,Central,861.0,0.25,258.3,Tamil Nadu
,Sabeela,Oil & Masala,Masalas,Salem,9/15/2018,Central,,0.33,444.96,Tamil Nadu
OD444,Amrish,Food Grains,,,09-05-2017,Central,,0.23,313.12,Tamil Nadu
OD445,,Food Grains,Dals & Pulses,,,Central,506.0,0.23,217.58,Tamil Nadu
OD446,Yadav,Snacks,Chocolates,Tirunelveli,09-05-2017,Central,1579.0,0.21,347.38,
OD447,Malik,Snacks,Chocolates,,3/20/2018,Central,550.0,,231.0,Tamil Nadu
OD458,,,Dals & Pulses,Perambalur,9/26/2017,Central,,0.2,,Tamil Nadu
OD468,Shah,Oil & Masala,,Nagercoil,1/17/2016,Central,2412.0,0.21,168.84,
OD470,,Fruits & Veggies,Organic Fruits,Salem,,Central,1356.0,0.31,,Tamil Nadu
,Sabeela,,Mutton,Namakkal,10/29/2015,Central,1596.0,0.26,478.8,Tamil Nadu
OD489,,Snacks,,Ramanadhapuram,06-09-2015,Central,1637.0,,572.95,
OD490,Vidya,,Chocolates,Ramanadhapuram,06-09-2015,Central,2232.0,0.1,,Tamil Nadu
OD511,,Fruits & Veggies,Organic Fruits,Tenkasi,11/26/2018,Central,1850.0,0.29,777.0,Tamil Nadu
,Shah,,,Ramanadhapuram,,Central,898.0,,80.82,Tamil Nadu
,Arutra,,Mutton,,,Central,,0.34,,
OD522,,"Eggs, Meat & Fish",Chicken,Karur,,Central,2088.0,0.33,689.04,Tamil Nadu
OD537,,Beverages,Soft Drinks,Ramanadhapuram,09-03-2018,Central,1262.0,0.22,302.88,Tamil Nadu
OD544,Sundar,Snacks,,Salem,05-11-2015,Central,2289.0,0.16,526.47,Tamil Nadu
OD545,Arvind,Fruits & Veggies,,,05-11-2015,Central,898.0,0.24,44.9,Tamil Nadu
OD546,Surya,"Eggs, Meat & Fish",,Bodi,05-11-2015,Central,2017.0,,665.61,Tamil Nadu
OD549,Adavan,"Eggs, Meat & Fish",Fish,Cumbum,11/15/2016,Central,659.0,,,Tamil Nadu
OD550,Yadav,Beverages,Soft Drinks,Ooty,11/15/2016,Central,1167.0,0.3,,
OD551,Ravi,"Eggs, Meat & Fish",Chicken,Theni,11/15/2016,Central,1471.0,0.1,308.91,Tamil Nadu
OD554,Yadav,Beverages,Health Drinks,,,Central,1696.0,,84.8,Tamil Nadu
OD579,Komal,Fruits & Veggies,Organic Vegetables,Krishnagiri,,Central,2139.0,0.14,192.51,Tamil Nadu
OD580,Akash,Food Grains,Organic Staples,Dindigul,7/20/2018,Central,1456.0,0.14,567.84,Tamil Nadu
OD593,,Food Grains,,,,Central,2409.0,0.27,867.24,Tamil Nadu
OD594,Sudha,Oil & Masala,,Ooty,01-09-2015,Central,1432.0,0.15,,Tamil Nadu
OD611,Ganesh,,Noodles,Ramanadhapuram,4/28/2017,Central,791.0,0.19,142.38,Tamil Nadu
OD612,Sudeep,Food Grains,Atta & Flour,Viluppuram,4/28/2017,Central,1167.0,0.28,303.42,Tamil Nadu
OD623,Haseena,Beverages,Health Drinks,,11/29/2016,Central,2285.0,,982.55,Tamil Nadu
OD625,Surya,"Eggs, Meat & Fish",Eggs,Cumbum,,Central,1482.0,,340.86,
OD626,Hafiz,,,Dindigul,11/29/2016,Central,977.0,0.18,332.18,Tamil Nadu
OD641,Hafiz,Oil & Masala,Spices,Dindigul,12/18/2017,Central,2037.0,0.21,448.14,Tamil Nadu
OD644,,Oil & Masala,Spices,Madurai,06-10-2018,Central,2333.0,,,Tamil Nadu
OD646,Hussain,"Eggs, Meat & Fish",Eggs,,12/30/2018,Central,1656.0,0.31,149.04,Tamil Nadu
,Peer,,Health Drinks,Perambalur,9/19/2017,Central,1972.0,0.3,216.92,Tamil Nadu
OD659,Jackson,Oil & Masala,Masalas,,9/19/2017,Central,,0.28,682.86,Tamil Nadu
OD662,Komal,Bakery,,Coimbatore,8/24/2016,Central,2372.0,,237.2,Tamil Nadu
,,Beverages,Soft Drinks,Dharmapuri,8/24/2016,Central,1527.0,0.1,106.89,Tamil Nadu
OD667,Jonas,,Rice,Ooty,06-08-2018,Central,,0.14,356.04,Tamil Nadu
OD668,Willams,Beverages,Health Drinks,Nagercoil,06-08-2018,Central,2147.0,0.25,,Tamil Nadu
OD671,,"Eggs, Meat & Fish",Fish,Ooty,,Central,,0.12,291.39,Tamil Nadu
OD672,,Oil & Masala,Spices,Trichy,06-09-2018,Central,1676.0,0.15,134.08,Tamil Nadu
OD673,Akash,Fruits & Veggies,Fresh Vegetables,Dindigul,,Central,,0.25,673.67,Tamil Nadu
,,"Eggs, Meat & Fish",Eggs,,,Central,1292.0,0.29,297.16,
,,,Organic Staples,Trichy,,Central,2421.0,0.11,387.36,Tamil Nadu
OD676,Vidya,Bakery,Cakes,Bodi,12-05-2018,Central,1204.0,,,Tamil Nadu
OD677,Vidya,Snacks,,,,Central,,0.13,,Tamil Nadu
OD678,Komal,"Eggs, Meat & Fish",Chicken,,3/18/2018,Central,1832.0,0.21,,Tamil Nadu
OD680,,"Eggs, Meat & Fish",Fish,,3/18/2018,Central,1952.0,0.22,585.6,Tamil Nadu
,Hussain,Bakery,,Viluppuram,,Central,1862.0,0.16,,Tamil Nadu
OD723,Veena,Oil & Masala,,Chennai,12/15/2017,Central,,0.31,209.78,Tamil Nadu
OD726,Ridhesh,Food Grains,Dals & Pulses,Tirunelveli,9/16/2018,Central,661.0,0.14,,Tamil Nadu
OD727,Verma,"Eggs, Meat & Fish",Chicken,Karur,9/16/2018,Central,2290.0,0.29,,Tamil Nadu
OD740,Haseena,,Cakes,Nagercoil,01-04-2015,Central,2033.0,,325.28,Tamil Nadu
OD741,Vinne,,Health Drinks,Trichy,01-04-2015,Central,698.0,0.32,223.36,Tamil Nadu
OD742,Sudha,Snacks,,Dharmapuri,01-04-2015,Central,759.0,0.27,,Tamil Nadu
OD744,Arvind,Bakery,Cakes,,8/27/2017,Central,,0.32,203.5,Tamil Nadu
OD746,Harish,"Eggs, Meat & Fish",Chicken,Karur,8/27/2017,Central,1194.0,0.28,143.28,Tamil Nadu
OD750,Adavan,"Eggs, Meat & Fish",Eggs,Viluppuram,10-02-2018,Central,2032.0,0.17,,Tamil Nadu
OD751,Ridhesh,Oil & Masala,,,10-02-2018,Central,1842.0,,755.22,Tamil Nadu
OD752,Hafiz,Fruits & Veggies,Organic Fruits,,10-02-2018,Central,1589.0,0.35,190.68,Tamil Nadu
OD753,Alan,Food Grains,Rice,Dharmapuri,,Central,1531.0,0.14,,Tamil Nadu
OD757,Arutra,Snacks,Noodles,Pudukottai,12/29/2015,Central,1958.0,0.18,215.38,Tamil Nadu
OD758,Ridhesh,Fruits & Veggies,Fresh Fruits,Salem,12/29/2015,Central,1083.0,0.23,249.09,Tamil Nadu
,,"Eggs, Meat & Fish",Fish,Chennai,,Central,1617.0,0.13,80.85,Tamil Nadu
OD771,Ravi,"Eggs, Meat & Fish",Fish,,1/30/2018,Central,1562.0,0.23,218.68,Tamil Nadu
,Shah,Oil & Masala,Spices,Cumbum,,Central,649.0,0.11,201.19,
,Rumaiza,Fruits & Veggies,Organic Fruits,,1/30/2018,Central,1880.0,,,Tamil Nadu
OD776,Arvind,,Health Drinks,Dharmapuri,1/30/2018,Central,,0.17,255.75,Tamil Nadu
OD796,Jonas,Food Grains,Organic Staples,,9/21/2018,Central,816.0,0.24,,Tamil Nadu
OD808,Peer,,Biscuits,Dindigul,02-03-2016,Central,662.0,0.18,,Tamil Nadu
OD816,Rumaiza,Beverages,Soft Drinks,Theni,3/20/2016,Central,1776.0,0.2,,Tamil Nadu
,Rumaiza,Bakery,,Coimbatore,8/21/2018,Central,,0.27,,
OD828,Jackson,Bakery,Breads & Buns,Karur,8/21/2018,Central,553.0,,27.65,Tamil Nadu
OD829,Arvind,Food Grains,Dals & Pulses,Tirunelveli,8/21/2018,Central,693.0,0.12,173.25,Tamil Nadu
OD837,,,Noodles,Namakkal,09-08-2015,Central,506.0,0.21,65.78,Tamil Nadu
OD839,Yadav,"Eggs, Meat & Fish",Eggs,,03-07-2017,Central,982.0,,,Tamil Nadu
OD884,Shree,Fruits & Veggies,Fresh Vegetables,Cumbum,10/22/2017,Central,2172.0,0.22,304.08,Tamil Nadu
,Adavan,Snacks,Noodles,Tenkasi,6/26/2018,Central,2275.0,0.18,318.5,
OD894,Rumaiza,Oil & Masala,Spices,Tirunelveli,6/26/2018,Central,1056.0,,,Tamil Nadu
OD897,Jonas,,Dals & Pulses,Nagercoil,10-03-2017,Central,,0.3,429.97,Tamil Nadu
OD898,,Fruits & Veggies,,Theni,,Central,1752.0,,350.4,Tamil Nadu
OD901,Sheeba,Snacks,,,11-11-2018,Central,,0.26,37.25,Tamil Nadu
OD902,Yusuf,"Eggs, Meat & Fish",,Ooty,11-11-2018,Central,,0.32,,
OD903,Veronica,"Eggs, Meat & Fish",Chicken,,9/15/2018,Central,1331.0,0.2,212.96,Tamil Nadu
OD910,Amy,Food Grains,Dals & Pulses,Pudukottai,09-02-2018,Central,,0.13,853.92,Tamil Nadu
OD911,Roshan,Fruits & Veggies,,,09-02-2018,Central,1579.0,0.25,,Tamil Nadu
OD914,Mathew,Bakery,Cakes,Tenkasi,11/27/2018,Central,1404.0,0.29,238.68,Tamil Nadu
OD915,Sabeela,,,Pudukottai,11/27/2018,Central,2048.0,,552.96,
,Ridhesh,Beverages,Soft Drinks,,6/15/2015,Central,,,,Tamil Nadu
OD917,Jackson,"Eggs, Meat & Fish",,Theni,6/15/2015,Central,1539.0,0.16,507.87,Tamil Nadu
OD918,Ravi,Oil & Masala,Spices,,,Central,2459.0,0.17,,Tamil Nadu
,Suresh,,,Vellore,03-05-2017,Central,1249.0,0.23,462.13,Tamil Nadu
,Hussain,Bakery,,Dindigul,03-05-2017,Central,1410.0,0.31,,Tamil Nadu
OD954,,Fruits & Veggies,Fresh Vegetables,,12/28/2018,Central,1992.0,0.15,338.64,Tamil Nadu
OD978,Verma,"Eggs, Meat & Fish",Fish,,01-07-2018,Central,758.0,0.14,303.2,Tamil Nadu
,,Bakery,Breads & Buns,Viluppuram,12-09-2016,Central,829.0,0.16,49.74,Tamil Nadu
OD985,Veena,Bakery,Biscuits,Krishnagiri,9/29/2018,Central,2494.0,0.27,548.68,Tamil Nadu
OD986,Alan,"Eggs, Meat & Fish",,Perambalur,9/29/2018,Central,2444.0,0.33,415.48,
OD987,,Snacks,,Theni,9/29/2018,Central,1175.0,0.14,70.5,Tamil Nadu
OD988,Peer,,Fish,Coimbatore,03-10-2016,Central,1868.0,0.19,317.56,
OD1001,,Snacks,,Krishnagiri,,Central,2361.0,0.1,118.05,
OD1002,Kumar,Beverages,Health Drinks,Tirunelveli,12/22/2018,Central,672.0,0.34,275.52,Tamil Nadu
OD1004,,Snacks,Chocolates,Coimbatore,10-01-2017,Central,2139.0,0.17,962.55,
OD1006,,,,Coimbatore,12/22/2018,Central,2176.0,0.19,500.48,Tamil Nadu
OD1007,Amy,Oil & Masala,Spices,Perambalur,05-12-2015,Central,905.0,,108.6,Tamil Nadu
OD1008,,Fruits & Veggies,Fresh Vegetables,,12-01-2015,Central,1541.0,0.23,600.99,Tamil Nadu
OD1009,James,Snacks,Cookies,Kanyakumari,08-03-2018,Central,2343.0,0.34,515.46,
OD1010,Mathew,Food Grains,Organic Staples,Krishnagiri,,Central,567.0,0.18,,Tamil Nadu
OD1011,Shah,"Eggs, Meat & Fish",Eggs,Dharmapuri,11/19/2018,Central,1712.0,0.15,188.32,Tamil Nadu
OD1012,Vidya,,Chocolates,Namakkal,05-05-2015,Central,1756.0,0.18,684.84,
OD1013,Harish,"Eggs, Meat & Fish",,Dharmapuri,6/29/2018,Central,896.0,,367.36,Tamil Nadu
OD1014,Roshan,"Eggs, Meat & Fish",Fish,Bodi,9/20/2015,Central,627.0,0.35,56.43,Tamil Nadu
OD1015,Jackson,Fruits & Veggies,Fresh Vegetables,Viluppuram,,Central,764.0,,320.88,Tamil Nadu
,Yusuf,Oil & Masala,Spices,Tenkasi,5/14/2018,Central,,,,Tamil Nadu
OD1017,Amrish,Bakery,,Perambalur,10/24/2018,Central,1178.0,0.1,200.26,Tamil Nadu
OD1018,Jackson,"Eggs, Meat & Fish",,Tirunelveli,11/18/2015,Central,1258.0,0.23,226.44,Tamil Nadu
,Sharon,,,,8/28/2017,Central,1425.0,,441.75,Tamil Nadu
OD1020,Amy,Beverages,Health Drinks,Tirunelveli,6/29/2018,Central,1889.0,,,Tamil Nadu
OD1021,Ganesh,Food Grains,Dals & Pulses,,3/14/2017,Central,2396.0,0.3,311.48,Tamil Nadu
OD1023,Adavan,Food Grains,Atta & Flour,Karur,,Central,1792.0,0.16,680.96,Tamil Nadu
OD1024,Jackson,"Eggs, Meat & Fish",Eggs,,,Central,1305.0,,404.55,Tamil Nadu
OD1026,Ram,Beverages,Soft Drinks,Chennai,5/17/2017,Central,2184.0,0.27,393.12,Tamil Nadu
OD1027,Suresh,,Atta & Flour,Viluppuram,10/13/2018,Central,721.0,0.21,129.78,Tamil Nadu
OD1029,Veronica,Snacks,Noodles,,06-03-2015,Central,,0.3,323.83,Tamil Nadu
OD1148,,Fruits & Veggies,,Dindigul,12/17/2016,Central,1298.0,0.25,64.9,Tamil Nadu
,Arutra,Fruits & Veggies,Fresh Vegetables,Bodi,10/15/2016,Central,,,275.85,
OD1150,,Bakery,Breads & Buns,Viluppuram,10/22/2018,Central,1857.0,0.31,761.37,
OD1151,Vidya,,Organic Fruits,Namakkal,12/17/2016,Central,,0.13,350.6,Tamil Nadu
OD1152,Sabeela,"Eggs, Meat & Fish",Eggs,Bodi,12/17/2016,Central,2209.0,0.13,287.17,Tamil Nadu
OD1153,Vinne,"Eggs, Meat & Fish",,Vellore,12-10-2017,Central,2126.0,,106.3,Tamil Nadu
OD1154,Rumaiza,Bakery,Breads & Buns,Theni,09-07-2018,Central,1154.0,0.24,80.78,Tamil Nadu
OD1156,Peer,,,,12/17/2016,Central,2338.0,0.31,116.9,Tamil Nadu
OD1157,Akash,Snacks,Chocolates,,12-11-2018,Central,,0.14,292.89,Tamil Nadu
OD1158,Jonas,Fruits & Veggies,Organic Vegetables,,10/30/2018,Central,,0.21,,Tamil Nadu
OD1159,Vinne,Food Grains,Dals & Pulses,Viluppuram,,Central,1192.0,0.26,298.0,Tamil Nadu
OD1160,Veena,Beverages,Soft Drinks,,5/26/2017,Central,1190.0,0.12,226.1,
OD1161,Veena,Fruits & Veggies,Organic Fruits,Coimbatore,,Central,,,266.95,Tamil Nadu
,Ramesh,,Masalas,Madurai,10/30/2018,Central,1603.0,0.2,,Tamil Nadu
OD1163,,,Atta & Flour,,8/25/2016,Central,1996.0,0.12,658.68,Tamil Nadu
OD1164,Komal,Beverages,Soft Drinks,Coimbatore,12/14/2018,Central,940.0,,347.8,Tamil Nadu
OD1165,,Fruits & Veggies,Fresh Fruits,Viluppuram,12-01-2016,Central,1621.0,0.33,,Tamil Nadu
OD1166,,Beverages,,,8/25/2016,Central,,0.33,558.96,
OD1167,Jonas,Food Grains,,,2/18/2015,Central,,0.12,164.1,Tamil Nadu
OD1168,Vince,"Eggs, Meat & Fish",,Vellore,12/14/2018,Central,1821.0,0.34,,Tamil Nadu
OD1169,Harish,,Eggs,Karur,,Central,1717.0,0.29,669.63,Tamil Nadu
OD1170,Komal,Oil & Masala,Masalas,Ooty,,Central,,0.23,258.51,Tamil Nadu
OD1212,Willams,Food Grains,Rice,Nagercoil,02-11-2015,Central,,0.14,,Tamil Nadu
OD1213,,Oil & Masala,,Ooty,11/18/2017,Central,2146.0,0.27,386.28,Tamil Nadu
,Verma,Beverages,Health Drinks,Viluppuram,1/16/2018,Central,1717.0,0.28,,
OD1215,Anu,"Eggs, Meat & Fish",Mutton,Kanyakumari,1/29/2018,Central,2290.0,0.17,938.9,Tamil Nadu
OD1217,Surya,,Chocolates,Kanyakumari,,Central,2374.0,0.21,,Tamil Nadu
,Mathew,"Eggs, Meat & Fish",Fish,Krishnagiri,,Central,601.0,0.25,30.05,
OD1219,Shree,,Mutton,Madurai,10/20/2017,Central,1224.0,0.27,550.8,Tamil Nadu
,Ridhesh,Snacks,Chocolates,Perambalur,,Central,2059.0,0.15,,Tamil Nadu
OD1222,,Food Grains,Organic Staples,,5/21/2015,Central,2016.0,0.29,645.12,Tamil Nadu
OD1223,Yusuf,Snacks,Chocolates,Ooty,,Central,1147.0,,504.68,
OD1224,Roshan,,Edible Oil & Ghee,Vellore,,Central,1973.0,0.3,848.39,Tamil Nadu
OD1225,Verma,Beverages,Health Drinks,Karur,4/20/2015,Central,2131.0,0.19,,Tamil Nadu
,Arvind,Snacks,,Krishnagiri,,Central,2187.0,0.22,131.22,
OD1227,Yadav,"Eggs, Meat & Fish",Mutton,,10-09-2018,Central,,0.29,303.12,Tamil Nadu
OD1228,Ganesh,Beverages,Soft Drinks,Perambalur,9/13/2016,Central,1008.0,0.12,403.2,Tamil Nadu
OD1230,Sheeba,Oil & Masala,Edible Oil & Ghee,,5/26/2016,Central,,,886.23,Tamil Nadu
OD1231,,Oil & Masala,Masalas,Dharmapuri,01-02-2018,Central,,0.33,,Tamil Nadu
OD1232,Jackson,Beverages,Soft Drinks,Chennai,,Central,,0.29,257.5,Tamil Nadu
OD1233,Esther,,Noodles,Ooty,09-10-2017,Central,,0.1,62.48,Tamil Nadu
,,Fruits & Veggies,Fresh Fruits,Cumbum,5/30/2018,Central,1336.0,0.26,440.88,Tamil Nadu
OD1237,,Food Grains,Dals & Pulses,Trichy,01-03-2016,Central,1951.0,0.32,370.69,
OD1238,Esther,Snacks,Cookies,Pudukottai,06-07-2015,Central,1857.0,0.27,,Tamil Nadu
OD1239,Akash,"Eggs, Meat & Fish",Eggs,Tirunelveli,09-08-2018,Central,1211.0,0.35,,Tamil Nadu
OD1240,,Bakery,,Tirunelveli,07-12-2016,Central,1840.0,0.26,257.6,Tamil Nadu
,Sundar,"Eggs, Meat & Fish",Fish,Namakkal,03-05-2016,Central,1401.0,,280.2,Tamil Nadu
OD1245,Suresh,,,Ooty,10/17/2015,Central,1987.0,0.32,397.4,Tamil Nadu
,Hussain,Snacks,Noodles,Viluppuram,,Central,598.0,,47.84,
OD1247,Ganesh,,Fresh Fruits,Kanyakumari,12-06-2015,Central,1074.0,0.17,,Tamil Nadu
OD1248,Komal,"Eggs, Meat & Fish",Fish,Krishnagiri,,Central,2038.0,,203.8,Tamil Nadu
,Amy,"Eggs, Meat & Fish",Mutton,Nagercoil,11-06-2018,Central,856.0,0.17,316.72,Tamil Nadu
OD1250,,Bakery,Cakes,Trichy,06-04-2018,Central,976.0,0.17,409.92,
OD1251,Sudeep,"Eggs, Meat & Fish",Mutton,Cumbum,12/16/2015,Central,659.0,0.28,,Tamil Nadu
OD1420,Akash,Snacks,Noodles,Vellore,12-03-2017,Central,1007.0,,130.91,Tamil Nadu
OD1421,,,Soft Drinks,Vellore,03-03-2018,Central,,0.32,166.8,Tamil Nadu
OD1422,Alan,Oil & Masala,,Pudukottai,04-04-2015,Central,1075.0,0.16,408.5,Tamil Nadu
,,Food Grains,Organic Staples,Bodi,08-10-2018,Central,1445.0,0.3,317.9,Tamil Nadu
OD1425,Akash,"Eggs, Meat & Fish",Eggs,Dindigul,12/22/2018,Central,1266.0,0.35,164.58,Tamil Nadu
OD1426,Sheeba,,Health Drinks,Ramanadhapuram,03-08-2016,Central,1881.0,0.29,695.97,
OD1427,Mathew,,Soft Drinks,Namakkal,11/30/2017,Central,1786.0,0.19,,Tamil Nadu
OD1428,Peer,Fruits & Veggies,Fresh Vegetables,,,Central,593.0,0.28,,
OD1429,Jackson,Fruits & Veggies,Organic Vegetables,Karur,11-10-2015,Central,,,149.22,Tamil Nadu
OD1430,,Fruits & Veggies,Organic Vegetables,Vellore,9/25/2018,Central,2412.0,0.32,337.68,Tamil Nadu
OD1431,Alan,Bakery,Biscuits,,,Central,1374.0,0.22,,
OD1432,Roshan,Snacks,Chocolates,,12-08-2017,Central,,0.21,430.75,Tamil Nadu
OD1433,Vinne,Bakery,,Virudhunagar,9/24/2017,Central,1724.0,0.13,,
OD1434,Suresh,"Eggs, Meat & Fish",,Namakkal,5/29/2018,Central,1207.0,0.15,,Tamil Nadu
,Vidya,Food Grains,,Krishnagiri,12-01-2017,Central,2178.0,0.16,958.32,Tamil Nadu
OD1436,Amrish,Bakery,Breads & Buns,Salem,7/31/2017,Central,918.0,0.35,91.8,Tamil Nadu
OD1437,Sheeba,Bakery,,,1/20/2015,Central,1840.0,0.25,,Tamil Nadu
OD1438,Vidya,Fruits & Veggies,Fresh Vegetables,Dharmapuri,1/20/2015,Central,2294.0,0.24,940.54,Tamil Nadu
OD1439,Esther,Bakery,Breads & Buns,Madurai,05-08-2016,Central,1370.0,0.26,438.4,Tamil Nadu
,Surya,,Organic Vegetables,Tirunelveli,5/26/2017,Central,,0.27,72.2,Tamil Nadu
OD1441,Anu,Oil & Masala,Masalas,Theni,12-08-2018,Central,2316.0,0.1,393.72,Tamil Nadu
OD1442,Yusuf,Beverages,Health Drinks,Nagercoil,04-03-2017,Central,1301.0,0.11,390.3,Tamil Nadu
OD1443,Jonas,,Fresh Vegetables,Kanyakumari,3/28/2015,Central,,0.21,345.24,Tamil Nadu
OD1444,,,Health Drinks,Dindigul,8/26/2017,Central,,,681.7,Tamil Nadu
OD1445,Krithika,Oil & Masala,Spices,Vellore,11/17/2016,Central,,0.22,,Tamil Nadu
OD1446,Yadav,Food Grains,Organic Staples,Karur,12/29/2017,Central,790.0,0.35,173.8,Tamil Nadu
OD1447,Haseena,Food Grains,Dals & Pulses,,6/26/2018,Central,1472.0,,88.32,Tamil Nadu
OD1448,Hafiz,Bakery,Breads & Buns,,5/27/2018,Central,2424.0,0.12,242.4,Tamil Nadu
OD1450,,Food Grains,Organic Staples,Chennai,12/29/2017,Central,1193.0,0.24,477.2,
,Aditi,Oil & Masala,Spices,,03-08-2016,Central,1113.0,0.11,311.64,
OD1452,Sabeela,Food Grains,Atta & Flour,Coimbatore,,Central,1698.0,0.2,,Tamil Nadu
OD1453,Sharon,Fruits & Veggies,Organic Vegetables,Pudukottai,9/13/2016,Central,1392.0,,612.48,Tamil Nadu
OD1455,Anu,Fruits & Veggies,Organic Vegetables,Coimbatore,11-09-2016,Central,,0.29,,Tamil Nadu
OD1456,Ram,Snacks,Chocolates,,6/16/2015,Central,1872.0,0.11,299.52,Tamil Nadu
,Ram,Beverages,Soft Drinks,Perambalur,,Central,,,350.24,Tamil Nadu
OD1458,Sharon,Beverages,Soft Drinks,Ramanadhapuram,9/13/2017,Central,1464.0,0.3,424.56,Tamil Nadu
,Hussain,Food Grains,Atta & Flour,Karur,07-02-2016,Central,,0.35,234.5,Tamil Nadu
OD1462,Roshan,Beverages,Soft Drinks,,11/18/2018,Central,,0.32,,
OD1463,Amrish,,Cakes,Karur,5/22/2018,Central,2319.0,0.3,,Tamil Nadu
,Arvind,Oil & Masala,Spices,,6/16/2016,Central,531.0,0.18,238.95,Tamil Nadu
,Sudeep,,Breads & Buns,Viluppuram,3/23/2016,Central,1213.0,0.34,,Tamil Nadu
OD1470,Sundar,Beverages,Health Drinks,Trichy,05-07-2016,Central,905.0,0.26,298.65,
OD1471,Arutra,"Eggs, Meat & Fish",Chicken,Kanyakumari,4/13/2016,Central,1977.0,0.25,474.48,Tamil Nadu
OD1472,,,Spices,Theni,08-05-2015,Central,,0.23,674.25,Tamil Nadu
OD1473,Haseena,Bakery,Biscuits,Salem,12/20/2016,Central,1512.0,0.25,151.2,Tamil Nadu
,Esther,,Soft Drinks,Kanyakumari,10-10-2018,Central,1732.0,0.29,433.0,
OD1475,Shah,,Cakes,Karur,4/25/2016,Central,2269.0,0.15,431.11,Tamil Nadu
,Harish,Bakery,Biscuits,Pudukottai,4/20/2018,Central,990.0,0.22,237.6,
OD1477,,Oil & Masala,Edible Oil & Ghee,Dharmapuri,5/31/2017,Central,2279.0,0.29,660.91,Tamil Nadu
OD1479,Shah,"Eggs, Meat & Fish",Mutton,,11/19/2018,Central,674.0,,208.94,
OD1480,Sabeela,Oil & Masala,Spices,Viluppuram,,Central,,0.14,337.48,Tamil Nadu
OD1481,Rumaiza,,Soft Drinks,Tirunelveli,3/27/2018,Central,1393.0,0.22,69.65,Tamil Nadu
OD1482,Haseena,Beverages,,Theni,,Central,2314.0,0.19,277.68,Tamil Nadu
OD1483,Sharon,Bakery,Cakes,Kanyakumari,,Central,1023.0,0.35,368.28,
OD1485,,Fruits & Veggies,,Vellore,,Central,2472.0,0.28,519.12,Tamil Nadu
OD1486,Vinne,Bakery,Breads & Buns,Namakkal,09-03-2017,Central,2417.0,0.15,773.44,Tamil Nadu
OD1487,Ram,Oil & Masala,Masalas,Coimbatore,,Central,1890.0,0.35,831.6,Tamil Nadu
OD1488,Suresh,"Eggs, Meat & Fish",Fish,Salem,11-11-2015,Central,1493.0,,477.76,Tamil Nadu
,,,,Karur,7/22/2018,Central,1850.0,0.29,481.0,Tamil Nadu
OD1490,Veronica,Fruits & Veggies,Fresh Fruits,Coimbatore,05-02-2017,Central,1455.0,0.29,,Tamil Nadu
OD1492,Sudeep,Snacks,,,,Central,1141.0,0.26,136.92,Tamil Nadu
OD1493,Surya,Oil & Masala,Edible Oil & Ghee,Chennai,,Central,,0.2,574.56,Tamil Nadu
OD1494,Ram,Oil & Masala,Spices,,1/19/2016,Central,,0.1,226.66,Tamil Nadu
OD1495,,Bakery,Cakes,Dindigul,03-10-2018,Central,,0.25,855.76,Tamil Nadu
OD1496,Arvind,Food Grains,Atta & Flour,Karur,4/13/2016,Central,2089.0,0.21,125.34,Tamil Nadu
OD1497,Alan,Beverages,Health Drinks,Coimbatore,7/21/2018,Central,1632.0,0.19,163.2,Tamil Nadu
OD1499,Ridhesh,Fruits & Veggies,Organic Vegetables,,7/20/2016,Central,,0.3,355.5,Tamil Nadu
OD1500,Peer,Snacks,Chocolates,Viluppuram,3/21/2017,Central,,0.2,509.4,Tamil Nadu
OD1501,,Snacks,Noodles,Chennai,09-08-2015,Central,1602.0,,512.64,Tamil Nadu
OD1505,Veronica,Oil & Masala,,,07-02-2016,Central,711.0,0.27,291.51,Tamil Nadu
OD1506,,Oil & Masala,Spices,Nagercoil,03-01-2015,Central,2262.0,0.2,520.26,Tamil Nadu
OD1508,Suresh,,Fresh Vegetables,,11/17/2018,Central,1865.0,0.26,279.75,Tamil Nadu
OD1509,Yusuf,Snacks,Cookies,Dindigul,11/13/2016,Central,1570.0,0.34,188.4,Tamil Nadu
OD1511,Aditi,Bakery,Breads & Buns,,6/20/2015,Central,1866.0,,205.26,Tamil Nadu
,Sharon,Bakery,,,3/27/2018,Central,,0.23,841.95,
OD1514,,Oil & Masala,Spices,Kanyakumari,1/30/2018,Central,,0.15,509.6,Tamil Nadu
OD1515,Sheeba,Beverages,Soft Drinks,,10/19/2018,Central,,0.31,,Tamil Nadu
OD1516,Veena,Snacks,Noodles,,03-06-2017,Central,888.0,0.28,222.0,Tamil Nadu
,,Snacks,Noodles,,5/30/2015,Central,2031.0,0.11,264.03,Tamil Nadu
,Krithika,Bakery,Breads & Buns,Coimbatore,12-06-2015,Central,1471.0,0.2,,Tamil Nadu
OD1522,,,Spices,Karur,2/16/2018,Central,2003.0,0.25,300.45,Tamil Nadu
,Surya,Bakery,Breads & Buns,Tenkasi,12/17/2016,Central,1511.0,0.28,438.19,Tamil Nadu
,Arutra,Oil & Masala,Edible Oil & Ghee,Pudukottai,,Central,,,384.18,Tamil Nadu
OD1525,Arvind,Food Grains,Rice,,5/25/2015,Central,,,100.64,Tamil Nadu
OD1526,,Snacks,Noodles,Dindigul,11-11-2015,Central,,,435.24,Tamil Nadu
OD1527,,Oil & Masala,Spices,Bodi,09-08-2017,Central,1810.0,0.29,307.7,Tamil Nadu
OD1528,Amy,Bakery,Breads & Buns,Namakkal,11/19/2017,Central,883.0,0.16,114.79,Tamil Nadu
OD1530,Sudha,Food Grains,Rice,Virudhunagar,2/27/2017,Central,1540.0,0.33,123.2,Tamil Nadu
OD1531,Adavan,Beverages,,Bodi,02-09-2018,Central,1525.0,0.15,,Tamil Nadu
OD1533,Vidya,,Soft Drinks,Vellore,12-06-2015,Central,2182.0,0.12,829.16,Tamil Nadu
OD1534,,"Eggs, Meat & Fish",Chicken,Viluppuram,12/29/2015,Central,1822.0,0.22,,Tamil Nadu
OD1536,,Bakery,,Ramanadhapuram,5/31/2017,Central,2039.0,0.19,734.04,Tamil Nadu
OD1537,Peer,Beverages,,Bodi,01-07-2017,Central,1140.0,0.16,478.8,
OD1538,Sabeela,,Soft Drinks,Chennai,,Central,832.0,0.23,58.24,Tamil Nadu
OD1540,Sabeela,Snacks,Noodles,,11-04-2017,Central,1054.0,0.13,432.14,Tamil Nadu
OD1542,Verma,Beverages,Health Drinks,,7/26/2015,Central,,,765.8,Tamil Nadu
OD1543,Yadav,Snacks,,Dindigul,05-12-2016,Central,,,218.13,Tamil Nadu
OD1544,,Bakery,Biscuits,,11-04-2017,Central,1377.0,0.32,481.95,Tamil Nadu
,,Bakery,,Salem,11/28/2016,Central,2482.0,,446.76,Tamil Nadu
,Vince,Bakery,Biscuits,Salem,8/26/2018,Central,,0.16,594.72,
OD1549,Akash,Food Grains,Atta & Flour,Dindigul,4/20/2018,Central,1697.0,0.3,135.76,Tamil Nadu
,Surya,Oil & Masala,,Vellore,09-03-2018,Central,876.0,,324.12,Tamil Nadu
OD1551,Krithika,Bakery,Breads & Buns,Madurai,11-07-2017,Central,1037.0,0.19,435.54,
OD1552,Sheeba,,Organic Vegetables,Madurai,12/31/2016,Central,2051.0,0.32,,
OD1553,Vinne,Fruits & Veggies,Fresh Fruits,Krishnagiri,,Central,581.0,,87.15,Tamil Nadu
OD1556,Ram,Fruits & Veggies,Organic Vegetables,,12/27/2015,Central,,,,
OD1557,,"Eggs, Meat & Fish",Chicken,Dindigul,03-01-2015,Central,,0.23,,Tamil Nadu
OD2003,Sudha,Snacks,,Coimbatore,12/20/2015,Central,,0.22,340.8,
OD2004,Ravi,Food Grains,Organic Staples,,,Central,969.0,0.34,145.35,
OD2005,Vince,Oil & Masala,Edible Oil & Ghee,,12-11-2016,Central,781.0,0.16,218.68,Tamil Nadu
OD2006,Mathew,Beverages,,Tirunelveli,10-03-2018,Central,1676.0,0.32,234.64,Tamil Nadu
OD2007,Ridhesh,Fruits & Veggies,Fresh Vegetables,,3/30/2018,Central,1054.0,0.25,179.18,Tamil Nadu
OD2008,Amrish,Bakery,Cakes,Viluppuram,,Central,626.0,,175.28,Tamil Nadu
OD2009,Willams,,,Krishnagiri,8/22/2015,Central,1119.0,,,Tamil Nadu
,Kumar,Beverages,,,11-02-2018,Central,2301.0,0.23,,
OD2012,Anu,,Fresh Fruits,,12/20/2015,Central,2053.0,0.29,492.72,Tamil Nadu
OD2014,,Bakery,Cakes,Dindigul,6/22/2015,Central,1204.0,,72.24,Tamil Nadu
OD2015,Sudha,Food Grains,Dals & Pulses,Chennai,12-01-2015,Central,1934.0,0.16,,Tamil Nadu
OD2016,Verma,"Eggs, Meat & Fish",,Chennai,,Central,,0.28,778.5,Tamil Nadu
OD2017,Rumaiza,Oil & Masala,Masalas,,12/27/2016,Central,2011.0,,744.07,Tamil Nadu
OD2018,Sundar,,,Ramanadhapuram,11-02-2018,Central,1340.0,0.29,214.4,
OD2020,Shah,Snacks,Chocolates,,3/14/2017,Central,762.0,0.15,297.18,Tamil Nadu
,,Bakery,Biscuits,Bodi,09-06-2017,Central,978.0,0.21,,Tamil Nadu
OD2022,Mathew,Food Grains,Organic Staples,Ramanadhapuram,9/18/2018,Central,2068.0,0.16,889.24,Tamil Nadu
OD2023,Esther,Snacks,,Kanyakumari,12-05-2016,Central,566.0,0.3,169.8,Tamil Nadu
OD2024,Hussain,Oil & Masala,Masalas,,05-04-2015,Central,,0.31,444.51,Tamil Nadu
OD2026,James,Fruits & Veggies,,Perambalur,6/18/2017,Central,1074.0,0.34,289.98,Tamil Nadu
OD2027,Alan,Oil & Masala,Edible Oil & Ghee,Bodi,,Central,1818.0,0.23,781.74,Tamil Nadu
,,Fruits & Veggies,Organic Vegetables,Perambalur,,Central,2230.0,0.25,,Tamil Nadu
OD2029,,Oil & Masala,Spices,Vellore,12-03-2018,Central,900.0,0.15,,Tamil Nadu
OD2030,James,Food Grains,Dals & Pulses,Cumbum,9/18/2018,Central,,0.29,934.82,
OD2031,Ramesh,,Edible Oil & Ghee,Bodi,,Central,,0.33,,
OD2032,Akash,,Soft Drinks,Krishnagiri,12/24/2018,Central,2096.0,0.35,670.72,Tamil Nadu
OD2033,Aditi,,Chicken,Coimbatore,1/26/2018,Central,,0.21,372.46,Tamil Nadu
OD2034,Jackson,Fruits & Veggies,Fresh Vegetables,Karur,,Central,1610.0,0.15,627.9,Tamil Nadu
OD2035,Sharon,Oil & Masala,Masalas,Madurai,5/17/2017,Central,,0.31,730.8,
,Amy,Bakery,Cakes,,9/24/2018,Central,561.0,,241.23,Tamil Nadu
OD2037,Muneer,,Health Drinks,Pudukottai,10/13/2018,Central,1473.0,0.33,,Tamil Nadu
,Jonas,Fruits & Veggies,Fresh Fruits,Ramanadhapuram,5/14/2018,Central,697.0,0.31,195.16,Tamil Nadu
OD2039,Ridhesh,Bakery,,Cumbum,6/25/2016,Central,1385.0,,,Tamil Nadu
OD2041,,"Eggs, Meat & Fish",Fish,Vellore,6/30/2015,Central,1009.0,0.34,,Tamil Nadu
OD2042,,,Chicken,Madurai,06-03-2015,Central,2368.0,0.2,663.04,Tamil Nadu
OD2044,Alan,Oil & Masala,Edible Oil & Ghee,Trichy,5/14/2018,Central,,,214.44,Tamil Nadu
OD2045,Sundar,,Cookies,Madurai,11/19/2018,Central,1000.0,0.26,440.0,Tamil Nadu
OD2046,Malik,,Biscuits,Perambalur,1/20/2018,Central,938.0,,93.8,Tamil Nadu
OD2047,,,Chicken,Trichy,,Central,1094.0,,229.74,Tamil Nadu
OD2048,,Food Grains,,Perambalur,05-04-2015,Central,1399.0,0.14,139.9,Tamil Nadu
OD2049,Ridhesh,Snacks,Cookies,Theni,12/29/2017,Central,1445.0,0.23,346.8,Tamil Nadu
OD2050,Shree,Snacks,Chocolates,Dindigul,09-01-2015,Central,1716.0,0.3,514.8,Tamil Nadu
OD2053,,Beverages,Soft Drinks,,,Central,,0.23,667.58,Tamil Nadu
OD2054,Hafiz,Beverages,Health Drinks,Trichy,5/17/2017,Central,624.0,0.23,106.08,Tamil Nadu
OD2055,Krithika,Fruits & Veggies,Fresh Vegetables,Trichy,,Central,,0.23,563.5,Tamil Nadu
OD2056,Anu,Food Grains,Atta & Flour,Krishnagiri,12-02-2015,Central,1331.0,0.35,266.2,Tamil Nadu
OD2057,Amy,Snacks,Noodles,,5/17/2017,Central,,,,
OD2058,,Beverages,Soft Drinks,Namakkal,1/15/2018,Central,766.0,,137.88,Tamil Nadu
OD2059,Sheeba,Bakery,Biscuits,Nagercoil,8/18/2017,Central,1163.0,0.32,441.94,Tamil Nadu
OD2060,Shah,Oil & Masala,Spices,Vellore,12/27/2015,Central,885.0,0.18,115.05,Tamil Nadu
OD2062,Amrish,Snacks,Noodles,Chennai,12-11-2018,Central,1778.0,0.21,551.18,Tamil Nadu
,Alan,"Eggs, Meat & Fish",Chicken,,6/29/2018,Central,1547.0,0.29,340.34,
OD2064,,Bakery,,Tirunelveli,,Central,991.0,0.35,,Tamil Nadu
OD2066,,Beverages,Health Drinks,Vellore,6/25/2016,Central,615.0,0.22,,Tamil Nadu
OD2067,Yadav,Oil & Masala,,Namakkal,,Central,2114.0,0.33,803.32,Tamil Nadu
,Sabeela,,Soft Drinks,Bodi,11/18/2015,Central,989.0,0.12,,
,,"Eggs, Meat & Fish",,Krishnagiri,09-01-2015,Central,663.0,,92.82,Tamil Nadu
OD2070,Yadav,Food Grains,,,10/13/2018,Central,1290.0,0.27,,Tamil Nadu
OD2073,,Fruits & Veggies,Organic Fruits,,8/28/2017,Central,969.0,0.11,184.11,Tamil Nadu
OD2074,Sudha,,Cakes,Madurai,,Central,2056.0,0.14,431.76,Tamil Nadu
OD2075,Krithika,Fruits & Veggies,Fresh Fruits,Pudukottai,5/27/2015,Central,,0.1,987.42,Tamil Nadu
OD2078,Ridhesh,Beverages,Soft Drinks,,8/15/2015,Central,1534.0,0.1,475.54,Tamil Nadu
OD2079,,Snacks,Cookies,,8/28/2017,Central,2434.0,0.13,803.22,Tamil Nadu
OD2409,,Bakery,Cakes,Chennai,3/22/2015,Central,1410.0,0.2,352.5,Tamil Nadu
OD2410,Ram,,Cookies,Virudhunagar,,Central,928.0,0.28,120.64,Tamil Nadu
OD2411,,Food Grains,Organic Staples,,03-05-2018,Central,1621.0,0.23,697.03,Tamil Nadu
OD2413,,Oil & Masala,,Bodi,04-04-2016,Central,912.0,0.24,,Tamil Nadu
OD2414,Roshan,Food Grains,Dals & Pulses,,,Central,1641.0,,361.02,Tamil Nadu
OD2415,Sundar,Snacks,Noodles,Trichy,03-05-2018,Central,637.0,0.18,203.84,Tamil Nadu
OD2416,Sudeep,Food Grains,Rice,Pudukottai,03-05-2018,Central,2306.0,0.34,1037.7,Tamil Nadu
OD2418,Haseena,Snacks,Chocolates,Viluppuram,12/17/2016,Central,,0.1,,Tamil Nadu
,,Food Grains,Atta & Flour,Ramanadhapuram,03-05-2018,Central,2435.0,0.27,,Tamil Nadu
OD2420,Yusuf,Bakery,Biscuits,Coimbatore,10-06-2017,Central,2079.0,0.1,270.27,Tamil Nadu
,Vidya,Snacks,,Coimbatore,,Central,,0.16,976.36,Tamil Nadu
OD2422,Amrish,Snacks,Noodles,Dindigul,04-04-2016,Central,1783.0,0.14,392.26,Tamil Nadu
,Arutra,Beverages,Health Drinks,Salem,,Central,,0.14,,
OD2425,Sudha,Beverages,,Vellore,3/17/2015,Central,1839.0,0.25,662.04,Tamil Nadu
,,,Soft Drinks,Cumbum,10/15/2016,Central,922.0,0.26,46.1,
OD2427,Sundar,,Chocolates,Tenkasi,10-06-2018,Central,1012.0,0.34,172.04,Tamil Nadu
OD2428,Yadav,Snacks,Noodles,,3/17/2015,Central,1126.0,0.19,,Tamil Nadu
OD2429,Sabeela,Food Grains,Dals & Pulses,Krishnagiri,12-11-2018,Central,2132.0,0.16,533.0,
,,,Health Drinks,Karur,6/15/2015,Central,2078.0,0.12,872.76,Tamil Nadu
OD2434,,Fruits & Veggies,,Ooty,3/20/2018,Central,1442.0,0.34,,Tamil Nadu
,Jackson,"Eggs, Meat & Fish",Mutton,Vellore,,Central,907.0,,353.73,
OD2437,Arvind,,Noodles,Theni,5/26/2017,Central,940.0,,75.2,Tamil Nadu
,Vidya,,Masalas,Nagercoil,07-05-2015,Central,1092.0,0.13,,
OD2440,Veena,Snacks,Chocolates,Tirunelveli,11-12-2015,Central,1031.0,0.28,350.54,
OD2441,Ganesh,Bakery,Breads & Buns,Virudhunagar,8/23/2016,Central,1511.0,0.33,438.19,Tamil Nadu
OD2443,,Snacks,,Coimbatore,,Central,1264.0,0.22,,Tamil Nadu
OD2444,,Snacks,Chocolates,Dindigul,10/30/2018,Central,2500.0,0.33,300.0,Tamil Nadu
,Hafiz,,Mutton,Coimbatore,10-04-2017,Central,1747.0,,454.22,Tamil Nadu
OD2446,Amrish,Snacks,Noodles,Chennai,3/20/2018,Central,589.0,0.25,164.92,
OD2448,Shree,Food Grains,Rice,Ooty,07-05-2015,Central,,,332.64,Tamil Nadu
OD2449,Willams,Food Grains,Organic Staples,Chennai,8/25/2016,Central,1327.0,0.19,66.35,Tamil Nadu
OD2451,Verma,,,,07-02-2016,Central,,,760.0,Tamil Nadu
OD2600,Surya,Beverages,Soft Drinks,Karur,7/23/2018,Central,1791.0,0.21,770.13,
OD2601,Malik,Food Grains,Organic Staples,Vellore,04-05-2015,Central,,0.14,443.25,Tamil Nadu
OD2602,Ravi,Food Grains,Atta & Flour,,10-12-2016,Central,,0.32,129.36,Tamil Nadu
OD2603,Shree,Snacks,Noodles,Tirunelveli,02-11-2015,Central,,,762.75,Tamil Nadu
OD2604,Sheeba,Food Grains,Rice,Madurai,09-03-2016,Central,2478.0,,594.72,Tamil Nadu
OD2605,Sabeela,,Health Drinks,Viluppuram,,Central,548.0,0.22,49.32,Tamil Nadu
OD2606,Yusuf,Bakery,,Tenkasi,,Central,1467.0,0.32,396.09,Tamil Nadu
OD2607,Surya,Snacks,Cookies,Viluppuram,9/18/2018,Central,915.0,0.14,256.2,Tamil Nadu
OD2608,Haseena,Beverages,,Viluppuram,09-07-2015,Central,916.0,,219.84,
,,Oil & Masala,Masalas,Kanyakumari,9/15/2016,Central,1034.0,0.15,341.22,
OD2610,Amrish,"Eggs, Meat & Fish",Fish,Dharmapuri,02-11-2015,Central,1772.0,0.3,230.36,Tamil Nadu
,,,Biscuits,Kanyakumari,04-05-2015,Central,2052.0,,143.64,Tamil Nadu
OD2613,Arvind,Bakery,Breads & Buns,Viluppuram,5/20/2018,Central,728.0,0.18,94.64,Tamil Nadu
OD2615,Vince,"Eggs, Meat & Fish",,Coimbatore,09-10-2018,Central,2134.0,0.2,533.5,Tamil Nadu
OD2616,Krithika,Bakery,Cakes,Nagercoil,09-10-2018,Central,864.0,0.11,267.84,
OD2617,,Oil & Masala,Edible Oil & Ghee,,,Central,687.0,0.34,103.05,Tamil Nadu
OD2618,Akash,,Edible Oil & Ghee,Kanyakumari,2/27/2017,Central,2342.0,0.32,608.92,Tamil Nadu
OD2619,Sheeba,Fruits & Veggies,Organic Fruits,,08-03-2017,Central,1090.0,0.28,,Tamil Nadu
OD2621,,Snacks,Chocolates,Theni,02-11-2015,Central,,0.33,,Tamil Nadu
OD2622,,,Chocolates,,12-09-2018,Central,2220.0,0.15,865.8,Tamil Nadu
OD2624,,Bakery,Breads & Buns,,11-11-2018,Central,2284.0,0.24,296.92,Tamil Nadu
OD2625,,Snacks,Chocolates,Salem,,Central,,,580.84,Tamil Nadu
OD2626,James,Bakery,,Dindigul,8/13/2016,Central,2048.0,0.28,102.4,
,Sabeela,Beverages,Soft Drinks,,12-09-2018,Central,2053.0,0.13,246.36,Tamil Nadu
OD2628,Harish,Beverages,Soft Drinks,Perambalur,1/16/2018,Central,,0.12,182.4,Tamil Nadu
,,,Soft Drinks,Viluppuram,11/21/2016,Central,705.0,,289.05,Tamil Nadu
OD2631,Ganesh,Bakery,Cakes,Vellore,12-09-2018,Central,1248.0,,,Tamil Nadu
OD2632,Veena,Oil & Masala,Masalas,Pudukottai,04-05-2015,Central,1143.0,,457.2,Tamil Nadu
OD2634,Sheeba,Food Grains,Dals & Pulses,Virudhunagar,7/20/2016,Central,2190.0,0.3,350.4,Tamil Nadu
OD2636,Amrish,Food Grains,Dals & Pulses,Bodi,09-10-2018,Central,,0.2,673.94,Tamil Nadu
OD2638,,"Eggs, Meat & Fish",Eggs,Nagercoil,3/29/2018,Central,1976.0,0.25,,Tamil Nadu
OD2639,Willams,"Eggs, Meat & Fish",Mutton,Pudukottai,7/20/2016,Central,1671.0,,,Tamil Nadu
OD2640,,Bakery,,Ooty,11/21/2016,Central,943.0,0.21,339.48,Tamil Nadu
,Mathew,Snacks,Cookies,,04-05-2015,Central,,0.15,224.25,Tamil Nadu
OD2642,Komal,"Eggs, Meat & Fish",,Namakkal,,Central,,0.11,,Tamil Nadu
OD2643,Vidya,Beverages,Health Drinks,Ooty,7/20/2016,Central,1545.0,0.25,355.35,Tamil Nadu
OD2644,Malik,Snacks,Noodles,,1/16/2018,Central,1188.0,,368.28,Tamil Nadu
OD2645,Komal,Beverages,Soft Drinks,Virudhunagar,9/15/2016,Central,1081.0,0.27,,Tamil Nadu
OD2646,,Bakery,,Nagercoil,,Central,,0.17,159.5,Tamil Nadu
OD2648,Surya,"Eggs, Meat & Fish",Eggs,Cumbum,,Central,1787.0,,107.22,Tamil Nadu
OD2649,Rumaiza,Oil & Masala,,Kanyakumari,5/18/2015,Central,1734.0,0.21,329.46,Tamil Nadu
OD2650,Sharon,Beverages,Soft Drinks,Ooty,5/21/2015,Central,,,41.51,
OD2652,Sharon,Snacks,Noodles,Madurai,9/28/2018,Central,521.0,0.11,177.14,Tamil Nadu
,Amrish,Food Grains,Rice,Trichy,11/19/2018,Central,1149.0,0.35,195.33,Tamil Nadu
OD2655,Ridhesh,"Eggs, Meat & Fish",Mutton,Vellore,,Central,2066.0,0.21,723.1,
OD2656,Harish,Fruits & Veggies,Organic Vegetables,Tirunelveli,1/19/2018,Central,2085.0,0.19,646.35,
OD2657,Surya,"Eggs, Meat & Fish",Eggs,Krishnagiri,6/17/2015,Central,1990.0,,,Tamil Nadu
OD2658,Sharon,Bakery,,Trichy,3/25/2018,Central,2351.0,0.24,1034.44,Tamil Nadu
,Hafiz,Oil & Masala,Spices,Namakkal,07-12-2016,Central,1413.0,,113.04,Tamil Nadu
OD2662,Krithika,Food Grains,Dals & Pulses,Karur,,Central,1238.0,0.16,519.96,Tamil Nadu
OD2663,Yusuf,,Atta & Flour,,10/23/2018,Central,668.0,0.34,240.48,Tamil Nadu
OD2664,Yadav,,Organic Vegetables,Cumbum,11/24/2017,Central,,0.29,244.64,
,Mathew,Oil & Masala,Masalas,Chennai,,Central,1818.0,0.23,745.38,Tamil Nadu
OD2666,Esther,Beverages,,Ramanadhapuram,08-08-2017,Central,1319.0,0.35,435.27,Tamil Nadu
OD2667,Aditi,Bakery,Breads & Buns,Karur,,Central,1403.0,,547.17,Tamil Nadu
OD2668,,,Health Drinks,Perambalur,1/31/2017,Central,1789.0,0.33,,Tamil Nadu
OD2669,Muneer,Food Grains,Organic Staples,Kanyakumari,10/28/2018,Central,,0.3,422.28,Tamil Nadu
,Sudeep,,,Bodi,,Central,,0.17,486.78,Tamil Nadu
OD2673,Ridhesh,Food Grains,Dals & Pulses,Tenkasi,11/19/2018,Central,1179.0,0.27,506.97,
OD2674,Sudha,Bakery,Biscuits,Coimbatore,09-11-2018,Central,1856.0,0.1,723.84,Tamil Nadu
,Rumaiza,,Soft Drinks,Theni,08-08-2017,Central,,,423.3,Tamil Nadu
OD2676,Malik,Beverages,Soft Drinks,Ramanadhapuram,10/20/2017,Central,2114.0,0.3,761.04,Tamil Nadu
,,Fruits & Veggies,Organic Vegetables,,11/19/2018,Central,,0.28,217.3,Tamil Nadu
OD2678,Ravi,Food Grains,Organic Staples,,02-05-2018,Central,,0.21,558.83,
OD2679,Ridhesh,Snacks,Chocolates,Vellore,04-02-2015,Central,1134.0,0.22,,Tamil Nadu
OD2680,Vidya,Bakery,Cakes,Viluppuram,,Central,726.0,0.15,,
OD2681,,Beverages,Soft Drinks,Dindigul,11/24/2017,Central,1750.0,0.31,175.0,Tamil Nadu
OD2682,Verma,Bakery,,Viluppuram,4/20/2015,Central,2363.0,,,Tamil Nadu
OD2683,Shree,Oil & Masala,Edible Oil & Ghee,Nagercoil,11/17/2016,Central,,0.2,165.9,Tamil Nadu
,Amrish,,,Pudukottai,5/21/2015,Central,,0.3,,Tamil Nadu
OD2686,Suresh,,,,,Central,1277.0,0.11,,Tamil Nadu
OD2687,Vidya,Fruits & Veggies,,Virudhunagar,10/20/2017,Central,651.0,0.34,,Tamil Nadu
,,Snacks,Cookies,Dindigul,04-02-2015,Central,,,202.3,
OD2690,Veena,Bakery,Cakes,Bodi,07-12-2015,Central,2303.0,0.29,713.93,Tamil Nadu
OD2691,Vidya,Oil & Masala,Edible Oil & Ghee,Krishnagiri,10/19/2016,Central,655.0,0.25,98.25,Tamil Nadu
OD2692,Ramesh,Beverages,Health Drinks,,01-02-2018,Central,2216.0,0.21,487.52,Tamil Nadu
,James,,Edible Oil & Ghee,Madurai,03-05-2016,Central,2168.0,0.34,281.84,Tamil Nadu
OD2695,Hafiz,"Eggs, Meat & Fish",,Coimbatore,02-06-2015,Central,1863.0,0.14,726.57,
OD2697,Jackson,Oil & Masala,,Cumbum,10/23/2018,Central,,0.29,500.65,Tamil Nadu
OD2699,,Fruits & Veggies,Fresh Vegetables,Coimbatore,,Central,2430.0,0.16,170.1,Tamil Nadu
OD2701,Shree,,Organic Vegetables,Tenkasi,12-02-2018,Central,2032.0,0.29,243.84,Tamil Nadu
OD2702,,"Eggs, Meat & Fish",Chicken,Salem,10/17/2015,Central,,0.27,1009.35,Tamil Nadu
OD2704,,Fruits & Veggies,Organic Vegetables,Krishnagiri,11/14/2018,Central,1221.0,0.14,61.05,Tamil Nadu
OD2705,Komal,Oil & Masala,Spices,,,Central,1566.0,0.23,,Tamil Nadu
OD2706,Arutra,Oil & Masala,,Dharmapuri,12/23/2018,Central,947.0,0.25,331.45,Tamil Nadu
OD2707,,Oil & Masala,Edible Oil & Ghee,,3/31/2018,Central,1732.0,0.17,294.44,Tamil Nadu
OD3133,Harish,Beverages,Health Drinks,Coimbatore,03-08-2016,Central,1937.0,0.1,368.03,Tamil Nadu
OD3135,Krithika,,Fresh Fruits,Dindigul,9/24/2017,Central,,0.29,436.5,Tamil Nadu
OD3136,,Beverages,Soft Drinks,,5/29/2018,Central,1583.0,0.34,,Tamil Nadu
OD3137,Akash,,,Ramanadhapuram,3/21/2018,Central,2402.0,,192.16,Tamil Nadu
OD3138,,Bakery,Cakes,Tirunelveli,7/17/2017,Central,816.0,0.27,,Tamil Nadu
OD3140,,Food Grains,Organic Staples,Namakkal,9/24/2017,Central,1752.0,0.24,438.0,Tamil Nadu
OD3141,Suresh,,Chocolates,Tenkasi,12/21/2018,Central,1265.0,,404.8,
,Ganesh,Oil & Masala,Edible Oil & Ghee,Vellore,1/20/2015,Central,1148.0,0.21,309.96,Tamil Nadu
,Sabeela,Oil & Masala,Masalas,,12/29/2017,Central,2478.0,0.13,1090.32,
,Hussain,Bakery,Biscuits,Viluppuram,3/17/2015,Central,1727.0,0.24,690.8,Tamil Nadu
OD3147,,,Dals & Pulses,Ooty,9/13/2017,Central,2033.0,,447.26,Tamil Nadu
OD3148,Veronica,Snacks,,Virudhunagar,7/29/2018,Central,,0.28,,Tamil Nadu
OD3149,Komal,Beverages,Health Drinks,Coimbatore,,Central,947.0,0.3,132.58,Tamil Nadu
,Ramesh,Snacks,Noodles,Virudhunagar,11-10-2015,Central,,0.31,907.28,Tamil Nadu
OD3151,Akash,"Eggs, Meat & Fish",,,10/30/2017,Central,2385.0,0.12,310.05,
OD3152,,Snacks,Cookies,Kanyakumari,,Central,560.0,,95.2,
OD3153,,Fruits & Veggies,,Kanyakumari,6/29/2018,Central,1654.0,0.14,,Tamil Nadu
OD3154,,Bakery,,Bodi,05-08-2016,Central,,0.28,493.29,Tamil Nadu
OD3156,Malik,Oil & Masala,Edible Oil & Ghee,Ramanadhapuram,9/25/2018,Central,981.0,,255.06,Tamil Nadu
OD3157,James,Food Grains,Organic Staples,Krishnagiri,7/29/2018,Central,,0.31,835.2,Tamil Nadu
OD3159,Esther,,Atta & Flour,Perambalur,09-09-2018,Central,1374.0,,82.44,Tamil Nadu
OD3160,Haseena,Bakery,,,09-04-2017,Central,2491.0,0.26,1120.95,Tamil Nadu
OD3161,,,Fresh Vegetables,Perambalur,12-08-2018,Central,1812.0,0.22,,Tamil Nadu
,Verma,Oil & Masala,Edible Oil & Ghee,Tenkasi,11/13/2016,Central,714.0,0.12,78.54,Tamil Nadu
OD3163,Ram,"Eggs, Meat & Fish",Fish,Virudhunagar,11/30/2017,Central,,0.25,111.04,Tamil Nadu
OD3164,Veronica,Fruits & Veggies,Fresh Fruits,Tirunelveli,,Central,,0.27,124.07,Tamil Nadu
OD3165,Peer,Fruits & Veggies,Organic Vegetables,Nagercoil,1/30/2015,Central,2262.0,,,Tamil Nadu
OD3167,,"Eggs, Meat & Fish",Chicken,Madurai,03-10-2015,Central,2275.0,,864.5,Tamil Nadu
OD3169,Kumar,,Eggs,Ooty,08-08-2017,Central,916.0,0.25,238.16,Tamil Nadu
OD3170,Amy,,Atta & Flour,Madurai,10-07-2018,Central,2079.0,,103.95,
OD3171,Arvind,Fruits & Veggies,Fresh Vegetables,,1/30/2015,Central,1906.0,,457.44,Tamil Nadu
OD3172,Harish,Fruits & Veggies,Organic Vegetables,Tenkasi,1/20/2015,Central,,0.17,733.05,Tamil Nadu
,Sabeela,Fruits & Veggies,Fresh Vegetables,Nagercoil,3/30/2015,Central,1738.0,0.35,729.96,
OD3174,Adavan,,,,12/22/2018,Central,,,207.34,Tamil Nadu
,Jackson,Food Grains,Atta & Flour,Chennai,11-07-2015,Central,,,,Tamil Nadu
OD3176,Peer,Food Grains,Atta & Flour,Nagercoil,9/13/2017,Central,1477.0,0.14,354.48,Tamil Nadu
OD3178,Mathew,,Rice,,,Central,977.0,,439.65,Tamil Nadu
OD3179,Sharon,,Health Drinks,Namakkal,8/26/2017,Central,681.0,0.21,,Tamil Nadu
OD3180,Amrish,Fruits & Veggies,Organic Fruits,Nagercoil,1/20/2015,Central,1272.0,0.16,139.92,Tamil Nadu
,Ramesh,Food Grains,Dals & Pulses,Pudukottai,,Central,,,98.94,Tamil Nadu
OD3182,Rumaiza,Snacks,Cookies,Nagercoil,03-04-2017,Central,,0.3,125.84,Tamil Nadu
,Krithika,Snacks,,,11/22/2017,Central,2141.0,,428.2,Tamil Nadu
OD3184,,"Eggs, Meat & Fish",Fish,Nagercoil,11/23/2015,Central,1137.0,0.18,,Tamil Nadu
OD3185,Arutra,Food Grains,Rice,Bodi,11/14/2015,Central,1823.0,,729.2,Tamil Nadu
OD3186,Amrish,Food Grains,Atta & Flour,Chennai,,Central,,0.35,,Tamil Nadu
,,Oil & Masala,Spices,Theni,,Central,,,105.2,
OD3188,Jonas,Food Grains,,Kanyakumari,,Central,1768.0,0.21,,
OD3189,Harish,"Eggs, Meat & Fish",Chicken,Salem,3/28/2015,Central,1067.0,0.3,384.12,Tamil Nadu
,,Bakery,Breads & Buns,,11-09-2016,Central,580.0,0.22,237.8,Tamil Nadu
OD3191,Arvind,"Eggs, Meat & Fish",Fish,,1/23/2015,Central,2314.0,0.27,624.78,Tamil Nadu
OD3192,Adavan,Bakery,,Krishnagiri,5/29/2016,Central,2251.0,0.21,,Tamil Nadu
OD3193,Muneer,Oil & Masala,Masalas,Dharmapuri,6/13/2017,Central,547.0,0.25,,Tamil Nadu
,Sabeela,Fruits & Veggies,Fresh Vegetables,Perambalur,11-03-2018,Central,508.0,0.34,,Tamil Nadu
,Surya,Fruits & Veggies,Organic Vegetables,Tirunelveli,11-10-2015,Central,,0.13,228.6,Tamil Nadu
OD3197,Sudeep,Bakery,Cakes,Krishnagiri,,Central,1903.0,0.26,799.26,Tamil Nadu
OD3198,,Food Grains,Organic Staples,Bodi,11-09-2016,Central,1808.0,0.28,253.12,Tamil Nadu
OD3199,Ganesh,,Breads & Buns,,,Central,693.0,0.26,194.04,
OD3200,Sundar,"Eggs, Meat & Fish",Mutton,,9/13/2017,Central,1615.0,0.3,96.9,Tamil Nadu
OD3201,Ridhesh,Oil & Masala,,Viluppuram,6/27/2018,Central,2032.0,0.19,325.12,
OD3202,Rumaiza,"Eggs, Meat & Fish",Eggs,Krishnagiri,11/17/2016,Central,1474.0,0.16,530.64,Tamil Nadu
OD3204,,Snacks,Noodles,Coimbatore,11-10-2015,Central,1211.0,0.14,,Tamil Nadu
OD3205,Jackson,Oil & Masala,Edible Oil & Ghee,,11-10-2015,Central,775.0,0.3,,Tamil Nadu
,Kumar,,,Vellore,7/17/2017,Central,1365.0,,532.35,
OD3207,Sabeela,Oil & Masala,Masalas,,9/13/2017,Central,1405.0,0.15,224.8,Tamil Nadu
OD3209,Ridhesh,,,Ooty,07-11-2018,Central,1934.0,,,Tamil Nadu
OD3210,Jonas,Fruits & Veggies,Fresh Fruits,Vellore,04-04-2015,Central,1500.0,0.2,555.0,Tamil Nadu
OD3211,Suresh,Fruits & Veggies,Fresh Vegetables,,,Central,783.0,0.17,305.37,Tamil Nadu
,Aditi,Food Grains,Dals & Pulses,Salem,,Central,,0.13,83.37,Tamil Nadu
OD3215,,Beverages,Soft Drinks,Pudukottai,11/14/2015,Central,2451.0,0.25,,Tamil Nadu
OD3216,,Food Grains,Rice,Chennai,11-11-2018,Central,2454.0,0.26,834.36,Tamil Nadu
OD3217,,Fruits & Veggies,Fresh Fruits,Tenkasi,11/30/2017,Central,2072.0,0.21,497.28,
OD3218,Yadav,Beverages,Soft Drinks,Dindigul,,Central,,0.32,414.0,Tamil Nadu
OD3219,,Snacks,Noodles,Pudukottai,11/19/2015,Central,,0.33,359.29,
OD3220,Esther,Bakery,Biscuits,Coimbatore,11/17/2016,Central,1153.0,0.27,219.07,Tamil Nadu
,,Bakery,Cakes,Karur,4/25/2016,Central,1918.0,0.22,575.4,Tamil Nadu
OD3222,Peer,Bakery,,Bodi,7/22/2017,Central,,0.26,363.44,Tamil Nadu
OD3223,Esther,Snacks,Cookies,Viluppuram,12-04-2018,Central,985.0,0.32,128.05,Tamil Nadu
,,,Soft Drinks,Theni,4/25/2016,Central,971.0,0.33,242.75,
OD3225,,Food Grains,Rice,Dharmapuri,,Central,,0.26,132.77,Tamil Nadu
,Sheeba,Food Grains,Atta & Flour,Kanyakumari,08-10-2016,Central,1050.0,0.13,273.0,Tamil Nadu
,Hussain,Fruits & Veggies,Fresh Fruits,Ramanadhapuram,09-01-2017,Central,,0.27,164.34,Tamil Nadu
OD3228,Ganesh,,Cookies,,09-01-2017,Central,,0.2,211.2,
OD3229,Ramesh,Food Grains,Atta & Flour,Dharmapuri,9/20/2017,Central,1791.0,0.3,537.3,
OD3230,Alan,Fruits & Veggies,Fresh Fruits,Cumbum,12-09-2018,Central,1108.0,0.14,166.2,Tamil Nadu
OD3231,Ridhesh,Oil & Masala,Spices,Vellore,,Central,2054.0,0.33,657.28,Tamil Nadu
OD3232,Ridhesh,Beverages,Soft Drinks,Ooty,1/20/2015,Central,1785.0,,624.75,Tamil Nadu
OD3233,Yusuf,Beverages,Soft Drinks,,9/23/2015,Central,2103.0,,147.21,Tamil Nadu
OD3234,Alan,Food Grains,Organic Staples,Salem,12/16/2018,Central,1699.0,0.19,526.69,
OD3235,Ganesh,Beverages,Soft Drinks,,9/13/2017,Central,1576.0,0.25,315.2,Tamil Nadu
OD3237,Alan,"Eggs, Meat & Fish",Mutton,Salem,,Central,1804.0,0.18,469.04,Tamil Nadu
OD3240,,"Eggs, Meat & Fish",Fish,Trichy,,Central,2266.0,0.13,815.76,Tamil Nadu
OD3241,Sudha,Oil & Masala,Edible Oil & Ghee,Karur,7/22/2017,Central,,0.11,165.23,Tamil Nadu
OD3242,Kumar,Oil & Masala,Spices,,9/23/2015,Central,,0.32,,Tamil Nadu
,,Snacks,Chocolates,,7/22/2017,Central,1257.0,0.27,,
OD3244,Willams,Fruits & Veggies,Organic Fruits,Viluppuram,11-03-2018,Central,2471.0,0.26,1087.24,Tamil Nadu
OD3245,Alan,Food Grains,,Krishnagiri,9/23/2015,Central,799.0,,327.59,Tamil Nadu
OD3246,,Food Grains,Organic Staples,Tenkasi,09-03-2017,Central,898.0,0.19,161.64,Tamil Nadu
OD3247,Sudeep,"Eggs, Meat & Fish",Eggs,,6/20/2015,Central,1636.0,0.21,98.16,Tamil Nadu
OD3249,,Bakery,Cakes,,3/17/2015,Central,,0.31,810.67,Tamil Nadu
OD3250,Veronica,,,Trichy,08-05-2018,Central,1903.0,,647.02,Tamil Nadu
OD3251,Sabeela,,Noodles,Bodi,06-01-2016,Central,1807.0,0.16,795.08,
OD3252,Komal,Beverages,,Trichy,3/17/2015,Central,2433.0,,1046.19,Tamil Nadu
OD3253,Ridhesh,Snacks,Cookies,Salem,08-10-2018,Central,535.0,0.23,48.15,Tamil Nadu
OD3254,Rumaiza,Snacks,Noodles,Virudhunagar,9/22/2017,Central,,0.19,293.6,Tamil Nadu
,Vinne,Oil & Masala,Masalas,Dharmapuri,9/13/2017,Central,2081.0,0.22,894.83,Tamil Nadu
,Sharon,Beverages,Soft Drinks,Pudukottai,,Central,,0.14,736.2,
OD3257,,Food Grains,Dals & Pulses,,11-11-2018,Central,2069.0,0.23,,Tamil Nadu
OD3260,Kumar,Bakery,Breads & Buns,Salem,,Central,1633.0,0.1,718.52,Tamil Nadu
OD3261,,"Eggs, Meat & Fish",Chicken,,11/13/2016,Central,1415.0,0.18,353.75,Tamil Nadu
OD3262,Yusuf,,Cookies,Tenkasi,,Central,2126.0,0.28,616.54,Tamil Nadu
,Willams,Fruits & Veggies,,Nagercoil,3/17/2015,Central,730.0,0.1,,Tamil Nadu
OD3264,Kumar,"Eggs, Meat & Fish",Chicken,Trichy,,Central,,,579.24,Tamil Nadu
OD3265,Veena,Snacks,,Krishnagiri,10/20/2017,Central,2229.0,,824.73,Tamil Nadu
OD3266,Malik,,Mutton,Nagercoil,2/13/2018,Central,1637.0,0.25,,Tamil Nadu
OD3267,Haseena,Oil & Masala,Masalas,Theni,7/17/2017,Central,780.0,0.2,,Tamil Nadu
,Harish,Food Grains,Dals & Pulses,Dindigul,8/31/2018,Central,1456.0,0.17,,Tamil Nadu
,Sudeep,,Organic Staples,Virudhunagar,5/19/2015,Central,1464.0,0.14,409.92,Tamil Nadu
OD3270,Akash,Beverages,Health Drinks,Dindigul,08-05-2018,Central,1567.0,0.26,,
OD3271,Ravi,,Noodles,Tirunelveli,11/20/2018,Central,2083.0,,708.22,Tamil Nadu
OD3272,Jonas,"Eggs, Meat & Fish",Fish,Chennai,3/17/2015,Central,2351.0,0.23,963.91,Tamil Nadu
,Jonas,Snacks,Cookies,Virudhunagar,12/17/2017,Central,,,314.82,Tamil Nadu
OD3275,Veronica,Food Grains,Rice,Perambalur,,Central,2065.0,,247.8,Tamil Nadu
OD3276,Hafiz,Snacks,Cookies,,7/31/2017,Central,2191.0,,591.57,
OD3277,Rumaiza,"Eggs, Meat & Fish",Fish,Karur,09-01-2017,Central,671.0,0.13,120.78,Tamil Nadu
OD3278,,,Mutton,Tirunelveli,1/20/2015,Central,2126.0,0.28,340.16,Tamil Nadu
,Anu,Food Grains,,Ooty,10-09-2016,Central,548.0,0.19,,
OD3280,Amrish,Fruits & Veggies,Fresh Fruits,Theni,,Central,1859.0,,204.49,Tamil Nadu
,Sudeep,Bakery,,Pudukottai,10/13/2017,Central,1905.0,0.26,209.55,Tamil Nadu
OD3282,Akash,Oil & Masala,,Dharmapuri,03-03-2017,Central,2008.0,0.19,702.8,Tamil Nadu
OD3284,Rumaiza,,Atta & Flour,,11/21/2017,Central,1260.0,,441.0,
OD3285,Arutra,,Biscuits,Ooty,7/23/2017,Central,865.0,0.13,337.35,Tamil Nadu
OD3286,Sheeba,"Eggs, Meat & Fish",Mutton,Krishnagiri,12/17/2016,Central,2266.0,0.16,,Tamil Nadu
OD3287,Amy,Snacks,,Krishnagiri,4/24/2018,Central,1142.0,0.32,296.92,Tamil Nadu
OD3288,,,Organic Vegetables,Karur,12/22/2015,Central,862.0,,370.66,Tamil Nadu
OD3289,Vince,"Eggs, Meat & Fish",Mutton,Virudhunagar,10/23/2018,Central,625.0,,,Tamil Nadu
,Sundar,"Eggs, Meat & Fish",,Nagercoil,6/19/2018,Central,1597.0,0.11,223.58,Tamil Nadu
OD3293,Sabeela,Beverages,Soft Drinks,Viluppuram,10-11-2017,Central,1189.0,0.12,118.9,Tamil Nadu
OD3294,Vinne,Snacks,,Krishnagiri,4/20/2018,Central,2362.0,0.27,401.54,Tamil Nadu
OD3295,,Fruits & Veggies,,Bodi,12/25/2018,Central,,,51.24,Tamil Nadu
OD3296,Sudeep,Snacks,Chocolates,Pudukottai,10-08-2016,Central,,,248.4,Tamil Nadu
OD3297,Jackson,,Masalas,Karur,9/15/2018,Central,,0.21,822.85,
,Sudeep,Food Grains,Rice,Krishnagiri,4/18/2015,Central,1792.0,,,
OD3299,Muneer,Beverages,Health Drinks,Pudukottai,,Central,1086.0,0.29,195.48,Tamil Nadu
OD3300,,Beverages,Soft Drinks,Chennai,11/14/2018,Central,825.0,,66.0,Tamil Nadu
OD3303,Shah,Bakery,Cakes,Nagercoil,06-06-2015,Central,1885.0,0.29,,Tamil Nadu
OD3304,,Snacks,Cookies,Perambalur,09-11-2017,Central,1126.0,0.12,495.44,Tamil Nadu
OD3307,Alan,Bakery,Cakes,Krishnagiri,12/31/2016,Central,,,329.84,Tamil Nadu
OD3308,Veronica,"Eggs, Meat & Fish",,Ooty,,Central,2013.0,0.21,,Tamil Nadu
,Shree,,Fish,Perambalur,5/23/2018,Central,2097.0,0.24,,
OD3310,,Snacks,,,09-11-2017,Central,2070.0,0.2,248.4,
,Akash,Food Grains,Atta & Flour,,,Central,,0.23,70.2,Tamil Nadu
OD3312,,Oil & Masala,,Krishnagiri,03-06-2018,Central,,0.12,247.0,Tamil Nadu
OD3314,Roshan,,,Trichy,07-02-2016,Central,,0.29,423.06,
OD3315,Aditi,,Noodles,Viluppuram,12-09-2018,Central,1004.0,0.26,311.24,
OD3316,Krithika,Beverages,Health Drinks,Viluppuram,5/15/2018,Central,2153.0,,279.89,Tamil Nadu
OD3317,Ramesh,"Eggs, Meat & Fish",Chicken,Dharmapuri,5/31/2017,Central,1918.0,0.21,,Tamil Nadu
OD3318,Aditi,Fruits & Veggies,,Coimbatore,,Central,1618.0,0.18,242.7,Tamil Nadu
OD3319,Veena,Oil & Masala,Spices,Karur,,Central,1260.0,0.2,,Tamil Nadu
OD3320,Alan,Bakery,Breads & Buns,,03-04-2018,Central,841.0,,,Tamil Nadu
OD3321,Ganesh,Food Grains,Atta & Flour,Kanyakumari,11/19/2017,Central,1988.0,0.27,119.28,Tamil Nadu
OD3322,Ganesh,Snacks,Cookies,Bodi,,Central,1449.0,0.13,420.21,Tamil Nadu
OD3323,Ram,"Eggs, Meat & Fish",Eggs,Perambalur,06-02-2018,Central,1130.0,0.3,90.4,
OD3326,Vinne,Food Grains,Organic Staples,Cumbum,6/20/2015,Central,1512.0,0.23,650.16,Tamil Nadu
OD3327,Amy,,Chocolates,Nagercoil,12/27/2017,Central,2154.0,0.25,323.1,
OD3328,,"Eggs, Meat & Fish",Eggs,Namakkal,4/25/2016,Central,2209.0,0.35,574.34,Tamil Nadu
OD3329,Arvind,Beverages,,Pudukottai,,Central,1535.0,0.34,122.8,Tamil Nadu
OD3330,Amy,Snacks,Noodles,Cumbum,12-04-2018,Central,635.0,0.12,158.75,
,Vidya,Fruits & Veggies,,Tenkasi,11/21/2017,Central,753.0,,263.55,Tamil Nadu
OD3333,,Fruits & Veggies,,Namakkal,7/30/2017,Central,2295.0,0.18,275.4,Tamil Nadu
OD3334,Aditi,Bakery,Cakes,,09-02-2017,Central,2470.0,0.12,197.6,Tamil Nadu
OD3335,Sundar,Snacks,Cookies,Cumbum,2/18/2015,Central,527.0,0.21,126.48,Tamil Nadu
OD3336,,,Cakes,,12/31/2016,Central,1238.0,,,Tamil Nadu
OD3337,Ramesh,"Eggs, Meat & Fish",Fish,,,Central,1343.0,0.1,134.3,
OD3338,Arvind,Food Grains,Dals & Pulses,Vellore,11-06-2018,Central,1183.0,0.33,496.86,Tamil Nadu
OD3340,Yadav,,Health Drinks,Dindigul,11-07-2016,Central,,0.18,590.52,Tamil Nadu
OD3341,Krithika,,Fresh Vegetables,,4/16/2018,Central,,0.11,156.16,Tamil Nadu
OD3342,Surya,Bakery,Biscuits,Dindigul,3/23/2018,Central,1724.0,0.26,189.64,
OD3343,Ram,Food Grains,Dals & Pulses,Dharmapuri,8/31/2017,Central,1937.0,0.24,503.62,Tamil Nadu
OD3344,Ramesh,Snacks,Cookies,Coimbatore,,Central,1394.0,0.2,,Tamil Nadu
OD3345,Sudha,,Fresh Fruits,Vellore,8/13/2017,Central,1851.0,0.31,,Tamil Nadu
OD3347,Komal,Food Grains,Organic Staples,Vellore,10-10-2016,Central,,0.27,218.92,
OD3348,Surya,Oil & Masala,,Dindigul,10-11-2017,Central,1559.0,,,Tamil Nadu
OD3349,Shree,Snacks,Noodles,Viluppuram,3/21/2017,Central,2029.0,0.17,872.47,
,Amy,,Fish,Tirunelveli,5/26/2015,Central,2090.0,0.26,397.1,Tamil Nadu
OD3351,Sudeep,Fruits & Veggies,,Virudhunagar,3/18/2018,Central,827.0,0.29,223.29,Tamil Nadu
OD3352,Ram,"Eggs, Meat & Fish",Fish,Nagercoil,11-07-2016,Central,1494.0,,,
OD3353,Jackson,Snacks,Noodles,Karur,09-04-2017,Central,1639.0,0.22,360.58,
,Ganesh,Beverages,Soft Drinks,Karur,,Central,1036.0,0.11,331.52,Tamil Nadu
OD3355,Hussain,Snacks,Cookies,Namakkal,11-11-2015,Central,722.0,0.33,317.68,Tamil Nadu
OD3356,Sundar,Fruits & Veggies,Fresh Vegetables,Vellore,11/17/2015,Central,1321.0,0.1,66.05,Tamil Nadu
OD3357,Verma,,Fresh Vegetables,Nagercoil,,Central,1229.0,0.19,73.74,Tamil Nadu
OD3358,,Beverages,Health Drinks,Ooty,11/19/2017,Central,541.0,0.28,75.74,Tamil Nadu
OD3359,Yadav,Fruits & Veggies,,,4/18/2015,Central,1028.0,0.15,61.68,Tamil Nadu
,Muneer,Fruits & Veggies,Organic Vegetables,Bodi,03-03-2017,Central,1800.0,0.26,,
OD3361,,Bakery,Biscuits,Viluppuram,,Central,2282.0,,,Tamil Nadu
OD3362,Mathew,Beverages,,Theni,12/19/2015,Central,891.0,0.22,258.39,Tamil Nadu
OD3363,,Food Grains,Organic Staples,Pudukottai,11-12-2018,Central,1974.0,0.18,829.08,Tamil Nadu
OD3364,,Food Grains,,Viluppuram,6/16/2016,Central,1986.0,0.3,238.32,Tamil Nadu
OD3365,Suresh,,Eggs,Cumbum,,Central,2443.0,0.35,,Tamil Nadu
OD3366,Anu,Snacks,Chocolates,Coimbatore,,Central,1608.0,0.24,611.04,
OD3368,Roshan,"Eggs, Meat & Fish",Eggs,,07-02-2016,Central,1527.0,0.12,76.35,Tamil Nadu
OD3371,Sharon,Food Grains,,Ooty,2/16/2018,Central,2461.0,0.18,689.08,Tamil Nadu
OD3373,Shree,Snacks,Chocolates,Vellore,07-10-2017,Central,600.0,0.3,60.0,Tamil Nadu
OD3374,Arvind,Oil & Masala,Edible Oil & Ghee,,11-07-2017,Central,1026.0,0.22,184.68,
OD3375,Sundar,Snacks,Cookies,Pudukottai,8/18/2018,Central,1360.0,0.19,,Tamil Nadu
OD3376,Rumaiza,Fruits & Veggies,Fresh Vegetables,Ramanadhapuram,03-01-2015,Central,1620.0,0.15,648.0,Tamil Nadu
OD3377,Sabeela,Beverages,Soft Drinks,Theni,03-01-2015,Central,1228.0,0.13,,Tamil Nadu
OD3379,Hussain,Snacks,Noodles,Trichy,02-06-2016,Central,,0.32,,Tamil Nadu
OD3380,Jonas,"Eggs, Meat & Fish",,Cumbum,5/23/2018,Central,1196.0,0.15,394.68,Tamil Nadu
OD3381,Shree,Fruits & Veggies,Fresh Vegetables,Nagercoil,05-02-2017,Central,589.0,0.12,141.36,Tamil Nadu
OD3382,Mathew,Food Grains,Atta & Flour,Coimbatore,05-02-2017,Central,905.0,0.17,271.5,Tamil Nadu
,Arvind,Beverages,,Karur,,Central,1457.0,,553.66,Tamil Nadu
OD3386,Komal,Oil & Masala,Spices,Cumbum,7/23/2018,Central,664.0,0.17,,Tamil Nadu
OD3387,Shree,Oil & Masala,Edible Oil & Ghee,Kanyakumari,,Central,2482.0,0.21,,Tamil Nadu
OD3388,Ridhesh,,Organic Fruits,Bodi,03-06-2018,Central,,0.17,,Tamil Nadu
OD3389,Anu,Oil & Masala,Masalas,Pudukottai,11/26/2017,Central,2184.0,,196.56,Tamil Nadu
OD3390,,Fruits & Veggies,Fresh Vegetables,,11/25/2018,Central,2134.0,0.26,,Tamil Nadu
OD3391,Yusuf,Fruits & Veggies,Fresh Vegetables,Madurai,01-01-2018,Central,,,592.11,Tamil Nadu
OD3392,Peer,,Organic Staples,Salem,1/21/2018,Central,1778.0,,675.64,Tamil Nadu
OD3393,Sudeep,Oil & Masala,Edible Oil & Ghee,Trichy,10-03-2015,Central,1249.0,0.1,199.84,
OD3394,Ramesh,"Eggs, Meat & Fish",Chicken,Ramanadhapuram,7/30/2017,Central,1339.0,0.2,,Tamil Nadu
OD3395,Suresh,Food Grains,Organic Staples,Chennai,5/19/2018,Central,1311.0,0.17,471.96,Tamil Nadu
OD3396,Jackson,"Eggs, Meat & Fish",Mutton,Salem,12/22/2015,Central,1038.0,,435.96,Tamil Nadu
OD3397,Harish,,Fish,Bodi,,Central,756.0,0.19,143.64,Tamil Nadu
OD3398,Jonas,Snacks,Cookies,Bodi,9/23/2018,Central,705.0,,239.7,Tamil Nadu
OD3399,Alan,Food Grains,,Ramanadhapuram,5/31/2017,Central,,,187.68,Tamil Nadu
OD3400,Ridhesh,,Atta & Flour,,05-07-2016,Central,2241.0,0.3,,Tamil Nadu
OD3401,Arvind,Snacks,Cookies,Dharmapuri,11/28/2016,Central,,0.15,542.1,Tamil Nadu
OD3402,Haseena,Food Grains,Atta & Flour,Chennai,12/27/2017,Central,1447.0,0.27,231.52,Tamil Nadu
OD3403,Ganesh,Oil & Masala,Spices,Theni,12/27/2015,Central,,0.15,219.35,
OD3404,,Beverages,Health Drinks,Trichy,10/23/2018,Central,746.0,,298.4,Tamil Nadu
OD3406,Hussain,Snacks,Cookies,Krishnagiri,12/17/2016,Central,1457.0,,,Tamil Nadu
OD3407,Yadav,"Eggs, Meat & Fish",Eggs,Chennai,09-04-2018,Central,,0.33,177.44,Tamil Nadu
OD3408,Amy,Bakery,Biscuits,,7/23/2017,Central,1127.0,0.15,157.78,Tamil Nadu
,Muneer,,Breads & Buns,Cumbum,09-07-2015,Central,774.0,0.17,,
OD3410,Jonas,Fruits & Veggies,Fresh Vegetables,Karur,03-01-2015,Central,851.0,0.18,374.44,Tamil Nadu
OD3411,Sudha,Fruits & Veggies,Organic Fruits,Tenkasi,11/23/2018,Central,784.0,,109.76,Tamil Nadu
OD3412,Jackson,Beverages,Health Drinks,Tirunelveli,09-02-2017,Central,2069.0,0.16,455.18,Tamil Nadu
OD3413,,Snacks,Noodles,Trichy,06-12-2017,Central,2023.0,0.34,627.13,Tamil Nadu
OD3414,Roshan,,,Coimbatore,8/28/2018,Central,1504.0,0.31,526.4,
OD3415,Veronica,"Eggs, Meat & Fish",Chicken,Salem,01-07-2017,Central,2145.0,,943.8,Tamil Nadu
OD3416,Arutra,Fruits & Veggies,Fresh Vegetables,Cumbum,12/22/2018,Central,2322.0,,,Tamil Nadu
OD3418,Veena,Beverages,Health Drinks,Ooty,11-11-2015,Central,1676.0,0.32,150.84,Tamil Nadu
OD3419,Alan,Food Grains,Organic Staples,Namakkal,3/13/2017,Central,1821.0,0.35,,
,,"Eggs, Meat & Fish",Mutton,Namakkal,07-02-2016,Central,1830.0,0.1,823.5,Tamil Nadu
OD3421,Aditi,Food Grains,Rice,Trichy,11/24/2015,Central,2384.0,0.19,,Tamil Nadu
OD3424,Vinne,"Eggs, Meat & Fish",Mutton,,11-11-2017,Central,1748.0,0.14,349.6,Tamil Nadu
OD3425,,Food Grains,Atta & Flour,,2/16/2018,Central,1422.0,0.11,142.2,Tamil Nadu
OD3426,Komal,Food Grains,Dals & Pulses,Theni,11/18/2018,Central,1116.0,0.17,111.6,Tamil Nadu
OD3427,Vince,Beverages,Health Drinks,Nagercoil,03-05-2016,Central,,,364.09,
,Jonas,,Chicken,Cumbum,11-05-2016,Central,1829.0,0.13,292.64,Tamil Nadu
OD3429,Suresh,Food Grains,Rice,Chennai,8/28/2018,Central,1339.0,0.34,,Tamil Nadu
,Shah,Fruits & Veggies,Organic Vegetables,Madurai,09-08-2015,Central,2002.0,0.32,540.54,Tamil Nadu
OD3431,Suresh,Beverages,,Tirunelveli,1/30/2016,Central,1797.0,0.11,718.8,
OD3432,Sundar,Food Grains,,Cumbum,11/19/2017,Central,1987.0,,556.36,Tamil Nadu
OD3434,Harish,Snacks,Cookies,Ooty,9/25/2016,Central,1492.0,0.24,134.28,Tamil Nadu
OD3436,Peer,Food Grains,Organic Staples,,,Central,1898.0,0.15,474.5,
,,Bakery,,Theni,12/16/2015,Central,2469.0,0.29,1111.05,Tamil Nadu
OD3438,Esther,Snacks,Noodles,,,Central,,0.2,1067.4,
OD3439,Peer,Beverages,Soft Drinks,Tirunelveli,12/25/2018,Central,548.0,0.3,65.76,Tamil Nadu
OD3440,,,Health Drinks,Vellore,11-07-2015,Central,1795.0,0.15,,
OD3442,Ravi,,Noodles,Theni,03-03-2018,Central,2396.0,0.11,814.64,Tamil Nadu
OD3443,,,Noodles,Nagercoil,11-11-2015,Central,2099.0,0.12,860.59,
OD3444,,,,,6/19/2018,Central,1211.0,0.34,435.96,
OD3445,Sundar,,Masalas,Nagercoil,,Central,983.0,0.12,206.43,Tamil Nadu
,Amrish,"Eggs, Meat & Fish",Chicken,Dindigul,04-06-2016,Central,2183.0,,283.79,Tamil Nadu
OD3447,Jackson,Fruits & Veggies,Organic Fruits,Perambalur,11/22/2017,Central,1601.0,0.3,688.43,Tamil Nadu
OD3448,Akash,Oil & Masala,,Krishnagiri,,Central,2254.0,0.29,946.68,
,Haseena,"Eggs, Meat & Fish",Mutton,Salem,,Central,1990.0,0.35,477.6,Tamil Nadu
,,,Cookies,Nagercoil,12-09-2018,Central,1738.0,,,Tamil Nadu
OD3451,Surya,Beverages,Soft Drinks,Bodi,11-12-2018,Central,1185.0,0.21,414.75,
OD3452,Haseena,Oil & Masala,Spices,Krishnagiri,5/27/2017,Central,1957.0,0.18,763.23,Tamil Nadu
OD3453,Shah,Snacks,Noodles,Kanyakumari,11/19/2017,Central,,0.31,,Tamil Nadu
OD3454,Sharon,Food Grains,Organic Staples,Kanyakumari,10/14/2015,Central,907.0,0.22,163.26,Tamil Nadu
OD3455,,Fruits & Veggies,Organic Fruits,Coimbatore,2/17/2015,Central,,,305.2,Tamil Nadu
OD3457,Vince,,,Krishnagiri,6/19/2018,Central,667.0,0.18,,Tamil Nadu
OD3458,,"Eggs, Meat & Fish",Mutton,Madurai,8/13/2017,Central,,0.28,292.4,Tamil Nadu
,Sharon,Fruits & Veggies,,,05-03-2017,Central,1212.0,0.1,484.8,Tamil Nadu
OD3460,Jonas,Food Grains,Dals & Pulses,Theni,,Central,739.0,0.12,,Tamil Nadu
OD3461,Sundar,,Chocolates,Dindigul,5/23/2018,Central,1228.0,0.14,319.28,Tamil Nadu
OD3463,Veena,Snacks,,Virudhunagar,10/23/2016,Central,1435.0,0.32,545.3,Tamil Nadu
,Sabeela,"Eggs, Meat & Fish",Chicken,Bodi,06-08-2016,Central,1259.0,,,Tamil Nadu
OD3465,Suresh,,Cakes,Salem,5/25/2015,Central,939.0,0.2,84.51,
OD3467,Ram,,Rice,Krishnagiri,4/19/2016,Central,791.0,0.3,229.39,Tamil Nadu
OD3468,Verma,Fruits & Veggies,Fresh Fruits,Theni,,Central,2490.0,0.24,1120.5,Tamil Nadu
,Sharon,Fruits & Veggies,Fresh Fruits,,04-02-2016,Central,1180.0,0.16,483.8,Tamil Nadu
OD3471,Sheeba,Oil & Masala,Spices,Madurai,09-11-2018,Central,1815.0,0.23,471.9,
,Peer,Snacks,Cookies,Vellore,02-09-2018,Central,559.0,,100.62,
OD3473,Sheeba,,Breads & Buns,Namakkal,01-01-2018,Central,2137.0,,747.95,Tamil Nadu
OD3474,Kumar,Bakery,Biscuits,Perambalur,7/26/2015,Central,,0.27,,Tamil Nadu
OD3475,Yadav,Bakery,Cakes,Theni,05-06-2017,Central,1587.0,0.21,111.09,Tamil Nadu
OD3476,,Beverages,Health Drinks,Dharmapuri,,Central,549.0,0.14,142.74,Tamil Nadu
,,Bakery,,Kanyakumari,,Central,843.0,,75.87,Tamil Nadu
OD3479,Surya,Bakery,Biscuits,Trichy,5/22/2018,Central,924.0,0.18,,Tamil Nadu
OD3480,Jonas,Bakery,Breads & Buns,Tenkasi,,Central,2122.0,0.16,594.16,Tamil Nadu
OD3481,Komal,,Organic Staples,Theni,,Central,1743.0,0.2,784.35,Tamil Nadu
OD3482,Ravi,"Eggs, Meat & Fish",,Cumbum,8/22/2017,Central,742.0,0.22,267.12,Tamil Nadu
OD3483,Esther,,Cakes,Madurai,11/19/2017,Central,1770.0,,106.2,
OD3484,Vidya,,Chocolates,Dindigul,11/14/2017,Central,784.0,0.35,,
OD3485,Vinne,Bakery,Cakes,Madurai,,Central,2063.0,0.29,103.15,Tamil Nadu
OD3486,Alan,,Fish,Cumbum,9/26/2017,Central,,0.29,,Tamil Nadu
OD3487,Komal,Bakery,Breads & Buns,Trichy,,Central,515.0,0.13,206.0,Tamil Nadu
OD3488,Haseena,Snacks,Cookies,Chennai,10/19/2018,Central,,,,Tamil Nadu
OD3489,Vidya,,Mutton,Madurai,03-06-2017,Central,1678.0,0.19,335.6,
,Vince,Oil & Masala,Masalas,,05-03-2017,Central,1402.0,0.34,560.8,
OD3491,Arvind,Snacks,Chocolates,Coimbatore,03-03-2015,Central,,0.18,292.23,
OD3494,Veena,Beverages,Soft Drinks,,,Central,2232.0,,915.12,Tamil Nadu
,Malik,Oil & Masala,Masalas,Perambalur,06-06-2015,Central,1660.0,0.2,,Tamil Nadu
OD3498,Harish,Snacks,Noodles,Perambalur,,Central,,0.34,88.76,Tamil Nadu
OD3499,Akash,Snacks,,Kanyakumari,9/20/2016,Central,,0.25,331.65,Tamil Nadu
OD3500,James,Bakery,Biscuits,Viluppuram,09-07-2015,Central,923.0,0.29,,
OD3501,Vidya,Fruits & Veggies,Fresh Vegetables,Dharmapuri,1/30/2017,Central,1364.0,0.18,422.84,
,James,"Eggs, Meat & Fish",Chicken,Vellore,,Central,,0.3,651.75,Tamil Nadu
OD3505,Muneer,Fruits & Veggies,Organic Vegetables,,2/16/2015,Central,2003.0,0.1,,
OD3506,,Fruits & Veggies,Fresh Vegetables,Salem,11-05-2017,Central,,0.32,493.74,Tamil Nadu
OD3508,,,Biscuits,Kanyakumari,4/21/2018,Central,1874.0,0.12,356.06,
OD3509,Adavan,Oil & Masala,Spices,Karur,4/21/2018,Central,904.0,0.3,153.68,Tamil Nadu
OD3512,Mathew,Food Grains,Rice,Cumbum,,Central,,0.27,458.28,Tamil Nadu
OD3513,,"Eggs, Meat & Fish",Fish,Karur,11-07-2015,Central,,0.1,405.03,Tamil Nadu
OD3514,Komal,Bakery,,,02-06-2016,Central,,,167.04,Tamil Nadu
OD3515,Komal,Food Grains,,Bodi,4/16/2018,Central,,0.12,159.18,Tamil Nadu
,,Fruits & Veggies,Fresh Fruits,,12-06-2015,Central,,0.14,217.12,Tamil Nadu
,Ramesh,Bakery,,,10/22/2016,Central,2383.0,0.34,238.3,Tamil Nadu
,,Oil & Masala,Masalas,Dharmapuri,,Central,545.0,0.31,168.95,Tamil Nadu
OD3520,Sheeba,,Health Drinks,Theni,03-06-2017,Central,2294.0,0.31,,Tamil Nadu
OD3522,,Fruits & Veggies,Fresh Vegetables,Kanyakumari,10-01-2016,Central,1915.0,0.31,861.75,Tamil Nadu
OD3524,Sharon,Snacks,Cookies,Chennai,4/19/2016,Central,2445.0,,391.2,Tamil Nadu
OD3525,Veronica,,Edible Oil & Ghee,Virudhunagar,8/18/2018,Central,539.0,0.11,199.43,Tamil Nadu
OD3526,Sudeep,Oil & Masala,Spices,Perambalur,12/31/2016,Central,2212.0,0.11,774.2,Tamil Nadu
,Amrish,Beverages,,,7/23/2017,Central,1875.0,0.22,543.75,Tamil Nadu
OD3530,,,Biscuits,Cumbum,6/20/2015,Central,,0.32,201.7,Tamil Nadu
,Amy,Beverages,Soft Drinks,Ramanadhapuram,7/26/2015,Central,1409.0,0.31,591.78,Tamil Nadu
OD3532,Anu,Beverages,Soft Drinks,Tirunelveli,11/25/2018,Central,2483.0,,918.71,Tamil Nadu
OD3533,Sudeep,Bakery,Cakes,Tirunelveli,5/23/2018,Central,1535.0,0.34,245.6,Tamil Nadu
OD3534,,Oil & Masala,Edible Oil & Ghee,Salem,4/24/2018,Central,,,145.32,Tamil Nadu
OD3535,Veena,Snacks,Cookies,Ramanadhapuram,7/20/2016,Central,1400.0,,70.0,Tamil Nadu
OD3536,Jackson,Snacks,Noodles,Namakkal,09-07-2015,Central,1033.0,,237.59,Tamil Nadu
,Shree,Oil & Masala,Masalas,Trichy,2/21/2015,Central,1896.0,0.19,815.28,Tamil Nadu
OD3538,Peer,Bakery,Breads & Buns,Perambalur,12/25/2018,Central,,0.19,,Tamil Nadu
OD3539,Sabeela,Bakery,Breads & Buns,Pudukottai,8/18/2018,Central,2092.0,0.16,167.36,Tamil Nadu
,Komal,,Fish,Virudhunagar,11/19/2017,Central,1205.0,0.3,325.35,Tamil Nadu
OD3542,Ridhesh,,Soft Drinks,,12/22/2018,Central,1054.0,0.18,,Tamil Nadu
OD3543,Arutra,"Eggs, Meat & Fish",Mutton,Cumbum,11-11-2015,Central,2068.0,0.24,558.36,Tamil Nadu
OD3544,,Snacks,Cookies,Dharmapuri,01-01-2018,Central,1370.0,,315.1,Tamil Nadu
,Vinne,Snacks,,Krishnagiri,,Central,,0.16,324.48,
,Ramesh,Oil & Masala,,,12/22/2015,Central,658.0,,131.6,Tamil Nadu
OD3548,Peer,Beverages,Health Drinks,,04-06-2016,Central,,0.2,155.7,Tamil Nadu
OD3549,,Fruits & Veggies,,Nagercoil,,Central,1784.0,0.2,,
,Vidya,Snacks,Cookies,Coimbatore,11/22/2017,Central,,0.13,294.89,Tamil Nadu
OD3551,,,Cookies,Bodi,11/22/2017,Central,1853.0,0.28,685.61,
OD3552,Peer,Bakery,Cakes,Kanyakumari,12-10-2016,Central,1467.0,0.25,249.39,Tamil Nadu
OD3553,Arvind,Fruits & Veggies,Fresh Fruits,Ramanadhapuram,,Central,862.0,,112.06,Tamil Nadu
OD3555,,,Chicken,Theni,01-07-2015,Central,1936.0,0.1,96.8,Tamil Nadu
,Arutra,,Atta & Flour,Pudukottai,5/21/2016,Central,582.0,0.17,192.06,Tamil Nadu
OD3558,,Snacks,Chocolates,Viluppuram,04-07-2016,Central,780.0,,,Tamil Nadu
,Sheeba,Beverages,Health Drinks,Viluppuram,7/26/2015,Central,2392.0,0.35,,
OD3560,Ganesh,Bakery,Cakes,Ramanadhapuram,,Central,1854.0,0.1,593.28,Tamil Nadu
OD3561,Ridhesh,Beverages,Soft Drinks,,11-07-2016,Central,554.0,0.3,216.06,Tamil Nadu
OD3562,,Food Grains,Atta & Flour,Salem,,Central,2332.0,0.31,839.52,Tamil Nadu
,Sundar,Snacks,Noodles,Kanyakumari,,Central,1961.0,,,
,Anu,Food Grains,Atta & Flour,,12-11-2016,Central,1838.0,0.14,,Tamil Nadu
OD4805,Amrish,Oil & Masala,,,10-01-2017,Central,734.0,0.35,,Tamil Nadu
OD4806,Vidya,Bakery,Breads & Buns,Tenkasi,,Central,856.0,0.3,325.28,Tamil Nadu
OD4807,,Bakery,Biscuits,Viluppuram,,Central,702.0,0.31,231.66,Tamil Nadu
OD4808,Ridhesh,,Soft Drinks,,09-05-2017,Central,1391.0,0.1,403.39,Tamil Nadu
OD4809,Komal,Beverages,Health Drinks,,12/22/2018,Central,997.0,0.14,199.4,Tamil Nadu
OD4810,Sheeba,Food Grains,Dals & Pulses,Bodi,09-11-2017,Central,2283.0,0.14,,Tamil Nadu
,Yadav,,,Coimbatore,5/14/2018,Central,847.0,0.27,296.45,Tamil Nadu
OD4813,Sheeba,Food Grains,Atta & Flour,Madurai,1/15/2018,Central,1578.0,0.26,615.42,Tamil Nadu
OD4814,Sudha,,Spices,Ooty,,Central,1643.0,0.26,246.45,Tamil Nadu
OD4815,Sudeep,Food Grains,Dals & Pulses,,9/20/2015,Central,1246.0,0.17,62.3,
OD4817,Verma,Snacks,Chocolates,,10/23/2016,Central,1958.0,0.32,,Tamil Nadu
OD4818,Sharon,Bakery,Breads & Buns,,11/29/2016,Central,,,803.46,Tamil Nadu
OD4819,Ram,,Fresh Fruits,Tenkasi,08-07-2018,Central,2293.0,,,Tamil Nadu
OD4820,Arutra,,Chocolates,Vellore,12/15/2015,Central,,0.23,410.67,Tamil Nadu
OD4821,Shah,Fruits & Veggies,,Ramanadhapuram,06-05-2018,Central,870.0,0.19,374.1,Tamil Nadu
OD4822,James,Beverages,Soft Drinks,Viluppuram,,Central,2489.0,0.29,597.36,Tamil Nadu
,,Bakery,,Pudukottai,,Central,2245.0,0.32,269.4,Tamil Nadu
OD4824,Amy,,,,1/15/2018,Central,658.0,0.18,223.72,Tamil Nadu
OD4825,Harish,,Chicken,Krishnagiri,7/23/2017,Central,2251.0,0.22,900.4,
OD4934,,Food Grains,,Namakkal,04-04-2016,Central,1412.0,0.31,127.08,Tamil Nadu
,Komal,Fruits & Veggies,Organic Fruits,Ooty,09-07-2018,Central,1549.0,0.34,,
OD4936,Sudha,Bakery,Biscuits,,3/25/2017,Central,2089.0,,,Tamil Nadu
,James,Snacks,,Namakkal,5/26/2017,Central,1503.0,,180.36,
OD4938,Vinne,Oil & Masala,,Bodi,7/31/2018,Central,,0.16,594.48,Tamil Nadu
,Sabeela,Food Grains,Rice,Krishnagiri,12-11-2016,Central,1653.0,0.14,247.95,Tamil Nadu
,Haseena,Oil & Masala,Masalas,Ramanadhapuram,12/14/2018,Central,1057.0,0.25,179.69,Tamil Nadu
OD4941,Haseena,Bakery,Breads & Buns,Viluppuram,10-01-2017,Central,2223.0,0.27,689.13,Tamil Nadu
OD4944,Willams,Beverages,Soft Drinks,Ramanadhapuram,11/21/2018,Central,2434.0,,,Tamil Nadu
OD4945,Suresh,Snacks,,Theni,5/30/2017,Central,1939.0,0.16,135.73,
OD4946,,Snacks,Noodles,Tenkasi,5/30/2017,Central,1062.0,0.16,,Tamil Nadu
,Roshan,Fruits & Veggies,Fresh Vegetables,,11/21/2016,Central,874.0,0.34,253.46,Tamil Nadu
OD4990,,Snacks,Chocolates,Kanyakumari,,Central,640.0,0.22,,Tamil Nadu
OD4991,Aditi,,,Kanyakumari,03-03-2017,Central,1868.0,,616.44,Tamil Nadu
OD4992,Yadav,,Edible Oil & Ghee,Ooty,,Central,726.0,0.34,36.3,Tamil Nadu
OD4993,Vidya,Bakery,Cakes,Dindigul,09-07-2015,Central,723.0,0.3,72.3,
,Aditi,"Eggs, Meat & Fish",Mutton,,10-12-2016,Central,2226.0,0.23,,Tamil Nadu
OD4996,Arvind,,Health Drinks,Nagercoil,7/20/2016,Central,959.0,0.23,201.39,Tamil Nadu
,Aditi,Fruits & Veggies,Fresh Fruits,Cumbum,09-10-2018,Central,,0.18,232.44,Tamil Nadu
OD4999,Muneer,,Organic Vegetables,Chennai,12-09-2018,Central,1794.0,0.17,699.66,Tamil Nadu
OD5000,Arutra,Snacks,Cookies,Kanyakumari,09-10-2018,Central,2280.0,,820.8,Tamil Nadu
OD5001,Suresh,Fruits & Veggies,Organic Vegetables,Virudhunagar,11/24/2015,Central,,0.24,,Tamil Nadu
OD5002,Veena,,Fresh Fruits,,08-03-2017,Central,536.0,,,Tamil Nadu
OD5003,,Food Grains,,,11/24/2017,Central,669.0,0.12,294.36,Tamil Nadu
,Yadav,Oil & Masala,Spices,Chennai,,Central,600.0,0.3,72.0,
OD5006,Vidya,Snacks,Chocolates,Trichy,07-12-2016,Central,1053.0,,442.26,Tamil Nadu
OD5007,Alan,Beverages,Soft Drinks,Chennai,09-02-2015,Central,932.0,0.15,316.88,Tamil Nadu
OD5008,Adavan,Snacks,,Dindigul,10/17/2015,Central,1203.0,0.34,324.81,Tamil Nadu
,Yusuf,Bakery,Breads & Buns,Coimbatore,11/24/2017,Central,542.0,0.24,81.3,
OD5010,Malik,Fruits & Veggies,Fresh Fruits,Salem,,Central,2079.0,0.24,519.75,Tamil Nadu
OD5012,Ganesh,Oil & Masala,Spices,Ramanadhapuram,12/19/2016,Central,2310.0,0.18,600.6,Tamil Nadu
OD5013,Peer,"Eggs, Meat & Fish",,Karur,07-12-2015,Central,1431.0,0.2,286.2,Tamil Nadu
,Peer,"Eggs, Meat & Fish",,Karur,,Central,864.0,0.25,86.4,Tamil Nadu
OD5016,Mathew,Oil & Masala,,Kanyakumari,11/17/2018,Central,1985.0,0.13,397.0,Tamil Nadu
OD5017,,"Eggs, Meat & Fish",Mutton,Viluppuram,01-03-2016,Central,,0.25,191.94,Tamil Nadu
OD5018,Shah,"Eggs, Meat & Fish",,Ooty,09-10-2017,Central,777.0,,341.88,Tamil Nadu
OD5019,Muneer,Food Grains,Rice,,10/23/2018,Central,,0.23,1001.9,Tamil Nadu
OD5020,,Fruits & Veggies,,Chennai,02-09-2016,Central,547.0,0.23,,Tamil Nadu
,Suresh,Snacks,Noodles,Namakkal,07-12-2016,Central,,0.2,462.0,Tamil Nadu
,Surya,Fruits & Veggies,Fresh Fruits,Krishnagiri,7/14/2017,Central,1018.0,0.11,244.32,Tamil Nadu
OD5024,Adavan,Fruits & Veggies,Fresh Fruits,,5/26/2016,Central,2117.0,0.3,,
OD5143,Jonas,Fruits & Veggies,Organic Vegetables,Salem,7/22/2017,Central,1908.0,0.1,,Tamil Nadu
OD5144,,Beverages,Health Drinks,Perambalur,12-04-2018,Central,1610.0,0.34,531.3,Tamil Nadu
OD5145,Hussain,Fruits & Veggies,Organic Vegetables,,,Central,1294.0,0.24,439.96,Tamil Nadu
OD5146,Sharon,Oil & Masala,,Madurai,7/31/2017,Central,2181.0,0.21,697.92,Tamil Nadu
OD5147,Veena,Beverages,Soft Drinks,Theni,09-01-2017,Central,532.0,0.3,63.84,
,Ravi,Beverages,,Namakkal,,Central,651.0,0.16,240.87,Tamil Nadu
OD5152,Sharon,"Eggs, Meat & Fish",Eggs,Ooty,03-05-2016,Central,2038.0,0.29,733.68,
OD5154,Krithika,Snacks,Chocolates,Karur,06-01-2016,Central,1272.0,0.26,508.8,Tamil Nadu
OD5155,Yusuf,Snacks,Noodles,Perambalur,,Central,1278.0,0.15,,Tamil Nadu
OD5156,Jackson,Beverages,Health Drinks,Bodi,9/22/2017,Central,1727.0,,189.97,Tamil Nadu
OD5157,Willams,Food Grains,Rice,Tenkasi,10/20/2017,Central,,,653.48,
OD5158,,Oil & Masala,Spices,Theni,7/21/2015,Central,2345.0,0.11,422.1,Tamil Nadu
OD5159,Adavan,,,Karur,,Central,,0.14,318.12,Tamil Nadu
OD5160,Sudha,Food Grains,Atta & Flour,,12-08-2018,Central,552.0,0.14,,Tamil Nadu
OD5162,Willams,Fruits & Veggies,Organic Vegetables,Nagercoil,8/26/2017,Central,1193.0,0.27,202.81,Tamil Nadu
,Shah,,Fish,Madurai,11/19/2015,Central,2139.0,0.13,213.9,Tamil Nadu
OD5166,,"Eggs, Meat & Fish",Fish,,7/29/2018,Central,,0.34,1008.19,
OD5167,Muneer,Fruits & Veggies,Fresh Fruits,,9/13/2016,Central,2106.0,0.17,926.64,Tamil Nadu
,Vidya,,Spices,Nagercoil,,Central,883.0,0.18,220.75,Tamil Nadu
,Hussain,Oil & Masala,Masalas,,9/23/2018,Central,1034.0,0.14,268.84,Tamil Nadu
OD5171,Alan,"Eggs, Meat & Fish",Eggs,Bodi,,Central,2117.0,0.13,,Tamil Nadu
,Yusuf,"Eggs, Meat & Fish",Eggs,Coimbatore,,Central,1149.0,0.27,333.21,Tamil Nadu
OD5173,Komal,,,Coimbatore,12-02-2018,Central,,0.29,782.28,Tamil Nadu
,Amrish,Bakery,Breads & Buns,Ramanadhapuram,12-03-2015,Central,1932.0,0.35,270.48,
,Akash,,,Coimbatore,12-04-2018,Central,619.0,,198.08,Tamil Nadu
OD5178,Vinne,"Eggs, Meat & Fish",,,10/14/2017,Central,2463.0,0.33,221.67,Tamil Nadu
,Jonas,Bakery,Biscuits,Dindigul,03-08-2016,Central,2403.0,0.17,360.45,Tamil Nadu
OD5181,Sudha,Bakery,Cakes,Madurai,10/20/2017,Central,,,452.4,Tamil Nadu
OD5183,Aditi,Bakery,Cakes,Namakkal,,Central,1972.0,,571.88,Tamil Nadu
,,Bakery,Breads & Buns,Pudukottai,10/23/2018,Central,,0.26,831.2,
OD5185,Rumaiza,,Fish,Tenkasi,2/21/2018,Central,,0.16,630.72,Tamil Nadu
OD5186,Vinne,Oil & Masala,Edible Oil & Ghee,Cumbum,3/27/2018,Central,1450.0,0.18,232.0,Tamil Nadu
,Vidya,Bakery,Biscuits,Vellore,11/20/2017,Central,991.0,0.1,416.22,Tamil Nadu
OD5188,Shree,Snacks,Noodles,Bodi,,Central,984.0,0.2,393.6,Tamil Nadu
OD5190,Sheeba,Food Grains,Dals & Pulses,Namakkal,3/31/2015,Central,2150.0,,322.5,Tamil Nadu
OD5191,,Oil & Masala,Edible Oil & Ghee,Viluppuram,11-12-2015,Central,,,56.16,Tamil Nadu
,Ganesh,Snacks,,Cumbum,04-06-2016,Central,526.0,,231.44,Tamil Nadu
OD5193,,,Fresh Fruits,Namakkal,02-09-2018,Central,1523.0,0.35,487.36,Tamil Nadu
OD5194,,Bakery,Cakes,Namakkal,02-06-2016,Central,1097.0,0.15,186.49,Tamil Nadu
OD5195,Harish,Snacks,Chocolates,Nagercoil,11/22/2017,Central,661.0,0.15,271.01,
OD5196,Jackson,Bakery,Breads & Buns,Bodi,05-11-2015,Central,2143.0,0.28,535.75,Tamil Nadu
,Shah,"Eggs, Meat & Fish",,Tirunelveli,6/25/2018,Central,2081.0,0.28,187.29,Tamil Nadu
OD5199,,"Eggs, Meat & Fish",Chicken,Nagercoil,12/20/2016,Central,1804.0,0.21,288.64,
OD5201,Jonas,Snacks,Chocolates,Coimbatore,9/23/2018,Central,1130.0,0.33,67.8,Tamil Nadu
OD5202,Amrish,Fruits & Veggies,Organic Fruits,Nagercoil,7/20/2016,Central,1615.0,0.29,646.0,Tamil Nadu
OD5203,Krithika,Snacks,Noodles,Trichy,05-09-2017,Central,1076.0,0.3,258.24,
,Rumaiza,Oil & Masala,Masalas,Vellore,03-05-2016,Central,,0.2,318.75,Tamil Nadu
,Krithika,Snacks,,Virudhunagar,11-11-2015,Central,616.0,0.21,178.64,Tamil Nadu
,Sharon,Snacks,,Ooty,6/20/2015,Central,637.0,,31.85,Tamil Nadu
OD5207,,Snacks,Cookies,Vellore,08-03-2018,Central,1969.0,0.22,295.35,
OD5208,Krithika,"Eggs, Meat & Fish",,Krishnagiri,12/14/2015,Central,2330.0,,768.9,Tamil Nadu
OD5209,Adavan,,Health Drinks,Dindigul,,Central,1690.0,0.14,608.4,
OD5210,Vince,Snacks,Chocolates,,11/21/2017,Central,,0.14,,Tamil Nadu
OD5211,Kumar,Food Grains,Dals & Pulses,Namakkal,11-01-2017,Central,,0.32,216.7,Tamil Nadu
OD5212,Adavan,Snacks,Cookies,Theni,09-02-2018,Central,2202.0,0.34,616.56,Tamil Nadu
OD5213,Shah,Fruits & Veggies,Fresh Fruits,Karur,4/16/2016,Central,,0.34,,
OD5214,,Fruits & Veggies,,,04-02-2016,Central,630.0,0.22,,Tamil Nadu
,Haseena,Beverages,Soft Drinks,Trichy,4/18/2015,Central,1350.0,0.28,,Tamil Nadu
OD5217,,"Eggs, Meat & Fish",,,10/23/2016,Central,,0.31,756.7,Tamil Nadu
OD5218,Willams,Bakery,Breads & Buns,Krishnagiri,,Central,2194.0,0.15,899.54,Tamil Nadu
,Krithika,Fruits & Veggies,Fresh Fruits,Krishnagiri,6/26/2016,Central,1454.0,,101.78,Tamil Nadu
OD5220,Hussain,Bakery,Cakes,Salem,11-11-2015,Central,2384.0,,309.92,Tamil Nadu
,,Beverages,Soft Drinks,Ooty,11-02-2015,Central,573.0,0.33,257.85,Tamil Nadu
,,,Noodles,Tenkasi,03-03-2017,Central,1640.0,0.29,360.8,Tamil Nadu
OD5226,Ravi,,Cookies,Vellore,12/20/2016,Central,1532.0,,229.8,
,Yusuf,Food Grains,Rice,,05-06-2018,Central,2265.0,0.2,203.85,Tamil Nadu
OD5228,Kumar,Fruits & Veggies,Fresh Vegetables,Madurai,10-01-2016,Central,871.0,0.19,,Tamil Nadu
OD5229,,Oil & Masala,Spices,,12-12-2016,Central,1168.0,0.23,,Tamil Nadu
,Vidya,Food Grains,Dals & Pulses,Nagercoil,4/16/2016,Central,1828.0,0.28,493.56,Tamil Nadu
OD5231,Verma,Bakery,Biscuits,Cumbum,1/30/2018,Central,,0.35,,Tamil Nadu
,Adavan,Snacks,,Kanyakumari,04-04-2018,Central,995.0,0.28,,Tamil Nadu
OD5235,Haseena,Snacks,Chocolates,Dindigul,07-12-2016,Central,768.0,0.18,238.08,Tamil Nadu
OD5236,Shree,Fruits & Veggies,Organic Fruits,Coimbatore,5/28/2018,Central,1737.0,0.34,486.36,
OD5237,,,Edible Oil & Ghee,Virudhunagar,07-03-2018,Central,1003.0,0.26,,Tamil Nadu
,,Fruits & Veggies,Organic Vegetables,Karur,12/20/2015,Central,1710.0,0.19,,Tamil Nadu
OD5239,,Oil & Masala,Spices,Ooty,11-05-2017,Central,965.0,,366.7,Tamil Nadu
OD5242,Veronica,,Organic Fruits,Coimbatore,12-01-2018,Central,856.0,0.11,171.2,Tamil Nadu
OD5243,,Food Grains,Rice,Viluppuram,11/19/2017,Central,,0.19,,Tamil Nadu
OD5244,Suresh,,Biscuits,,11/25/2018,Central,1099.0,0.1,,Tamil Nadu
OD5246,Harish,Beverages,Soft Drinks,,10/21/2017,Central,762.0,0.14,,Tamil Nadu
OD5247,Yusuf,Beverages,Health Drinks,,04-07-2016,Central,,0.21,,Tamil Nadu
OD5249,Sundar,Snacks,Noodles,Kanyakumari,05-12-2016,Central,,0.23,289.6,Tamil Nadu
OD5250,Jonas,Bakery,Cakes,Pudukottai,09-02-2015,Central,949.0,0.3,,Tamil Nadu
,Peer,Snacks,Cookies,,04-02-2016,Central,1346.0,0.28,296.12,Tamil Nadu
OD5253,Sheeba,Snacks,Cookies,,,Central,1134.0,,453.6,Tamil Nadu
OD5256,,,,,,Central,1795.0,,,Tamil Nadu
OD5257,Amy,"Eggs, Meat & Fish",Mutton,Coimbatore,5/23/2017,Central,,0.33,224.16,Tamil Nadu
OD5258,Alan,,Cakes,Madurai,9/26/2015,Central,960.0,,57.6,Tamil Nadu
,Adavan,Oil & Masala,Spices,Tenkasi,09-02-2017,Central,1644.0,0.22,131.52,Tamil Nadu
OD5260,Yusuf,Beverages,,Salem,6/20/2015,Central,797.0,0.19,191.28,Tamil Nadu
,Amy,Oil & Masala,Masalas,Bodi,11-07-2016,Central,,0.31,194.76,
OD5263,,"Eggs, Meat & Fish",Chicken,Vellore,11/28/2015,Central,925.0,0.28,64.75,
OD5646,,,Breads & Buns,Trichy,,Central,643.0,0.28,,
OD5647,Rumaiza,Bakery,Biscuits,,12/23/2017,Central,624.0,0.24,149.76,Tamil Nadu
OD5648,Rumaiza,Food Grains,Atta & Flour,,09-08-2018,Central,2416.0,0.27,1087.2,Tamil Nadu
,,Food Grains,Organic Staples,Cumbum,,Central,2472.0,0.13,494.4,Tamil Nadu
OD5652,Willams,Beverages,Soft Drinks,Ooty,11/19/2018,Central,,,303.62,
OD5653,,,,Vellore,09-04-2018,Central,1782.0,,463.32,
OD5656,,"Eggs, Meat & Fish",,,09-05-2017,Central,1160.0,0.35,382.8,Tamil Nadu
,Sudha,Fruits & Veggies,Fresh Vegetables,Chennai,9/21/2016,Central,1863.0,0.19,428.49,Tamil Nadu
OD5658,Sabeela,Snacks,Noodles,Karur,,Central,1512.0,,453.6,
,Anu,Beverages,Health Drinks,Namakkal,05-04-2016,Central,2190.0,0.27,262.8,Tamil Nadu
OD5767,Krithika,Beverages,Health Drinks,,8/13/2017,Central,685.0,0.14,47.95,Tamil Nadu
OD5769,Vidya,Fruits & Veggies,Fresh Fruits,Dharmapuri,7/25/2017,Central,,0.19,110.67,Tamil Nadu
OD5770,Ridhesh,Fruits & Veggies,Fresh Vegetables,Chennai,,Central,,,298.62,Tamil Nadu
,,,Noodles,,7/25/2017,Central,2324.0,0.19,836.64,Tamil Nadu
OD5773,James,Oil & Masala,Masalas,,,Central,,,125.1,Tamil Nadu
OD5774,Sundar,Snacks,Chocolates,Namakkal,4/18/2016,Central,1842.0,0.32,626.28,Tamil Nadu
OD5775,Komal,Food Grains,,Trichy,07-07-2017,Central,679.0,0.29,40.74,Tamil Nadu
OD5776,Yusuf,Bakery,Cakes,Coimbatore,11/23/2015,Central,1207.0,,434.52,Tamil Nadu
OD5777,Peer,Beverages,,,5/28/2018,Central,584.0,,35.04,Tamil Nadu
OD5778,Kumar,"Eggs, Meat & Fish",,Theni,,Central,814.0,0.18,350.02,Tamil Nadu
OD5779,Ram,Beverages,Health Drinks,Viluppuram,11/21/2016,Central,1866.0,0.23,,Tamil Nadu
OD5780,Komal,Bakery,Cakes,Chennai,12-02-2017,Central,2395.0,0.15,670.6,Tamil Nadu
OD5782,Haseena,Oil & Masala,Edible Oil & Ghee,Salem,12/23/2017,Central,,0.2,348.48,Tamil Nadu
OD5783,Muneer,Snacks,,Nagercoil,02-09-2016,Central,1343.0,,470.05,Tamil Nadu
,Roshan,Snacks,Chocolates,Ramanadhapuram,5/20/2015,Central,1925.0,,231.0,Tamil Nadu
OD5786,,"Eggs, Meat & Fish",Mutton,Kanyakumari,9/14/2015,Central,1518.0,0.24,607.2,Tamil Nadu
OD5873,Harish,Oil & Masala,Edible Oil & Ghee,Dharmapuri,12/25/2016,Central,619.0,0.19,80.47,Tamil Nadu
OD5874,Suresh,Food Grains,Organic Staples,Dindigul,,Central,2302.0,0.16,,Tamil Nadu
OD5875,Arutra,"Eggs, Meat & Fish",Fish,Pudukottai,,Central,1232.0,0.23,492.8,Tamil Nadu
OD5876,Muneer,,Fresh Vegetables,Namakkal,05-07-2018,Central,1392.0,0.23,417.6,Tamil Nadu
OD5877,Arutra,Bakery,,Theni,12-10-2016,Central,1003.0,0.16,120.36,Tamil Nadu
OD5878,Aditi,Food Grains,Atta & Flour,Virudhunagar,9/25/2017,Central,1899.0,0.12,341.82,Tamil Nadu
OD5879,,Beverages,,Vellore,04-08-2018,Central,2084.0,0.19,521.0,
,Arutra,,Mutton,,09-05-2016,Central,2317.0,0.22,417.06,Tamil Nadu
OD5881,Amy,Fruits & Veggies,Organic Fruits,,,Central,696.0,,180.96,Tamil Nadu
,Sabeela,Oil & Masala,Edible Oil & Ghee,Cumbum,11-10-2017,Central,,0.32,215.16,Tamil Nadu
OD5883,,Beverages,,Vellore,9/22/2017,Central,1747.0,0.32,331.93,Tamil Nadu
OD5885,Shah,Food Grains,Organic Staples,Namakkal,12-10-2016,Central,,,284.8,Tamil Nadu
OD5886,,,Fresh Fruits,Dindigul,12-09-2018,Central,,0.16,686.72,
OD5888,Amrish,Beverages,Soft Drinks,Ramanadhapuram,7/20/2018,Central,1986.0,,575.94,
OD5889,,Oil & Masala,,Coimbatore,11/18/2015,Central,1364.0,0.15,,Tamil Nadu
,Hafiz,Snacks,Noodles,Madurai,3/25/2018,Central,2343.0,0.25,374.88,Tamil Nadu
OD5892,Harish,Food Grains,Dals & Pulses,Chennai,04-08-2018,Central,,0.11,718.27,Tamil Nadu
OD5893,Adavan,Fruits & Veggies,,Nagercoil,6/20/2017,Central,2265.0,0.33,543.6,
OD5894,,"Eggs, Meat & Fish",Eggs,Bodi,9/21/2016,Central,523.0,0.33,146.44,Tamil Nadu
OD5895,Shah,Beverages,Soft Drinks,,9/24/2018,Central,2267.0,0.28,566.75,
OD5896,Vidya,Beverages,,Perambalur,2/20/2015,Central,602.0,0.18,108.36,Tamil Nadu
OD5897,Shree,Oil & Masala,,Viluppuram,11/13/2017,Central,511.0,,178.85,Tamil Nadu
,Malik,Bakery,Breads & Buns,Trichy,,Central,,0.35,357.39,Tamil Nadu
,,"Eggs, Meat & Fish",Fish,Vellore,12/18/2018,Central,1505.0,0.32,90.3,Tamil Nadu
OD5900,Willams,Snacks,,Vellore,,Central,1490.0,0.18,521.5,
OD5901,Peer,,Cookies,Bodi,11-11-2017,Central,2291.0,0.32,,Tamil Nadu
OD5902,Yadav,,Cookies,Ooty,3/25/2018,Central,,0.26,133.84,Tamil Nadu
OD5905,Alan,Food Grains,Organic Staples,Virudhunagar,,Central,1763.0,,423.12,
,,,,Theni,,Central,,0.31,101.34,Tamil Nadu
OD5907,Vidya,"Eggs, Meat & Fish",,Coimbatore,09-10-2016,Central,,,256.88,Tamil Nadu
OD5908,Vidya,Oil & Masala,Masalas,Chennai,8/28/2016,Central,,0.34,305.76,Tamil Nadu
OD5912,Rumaiza,Snacks,Cookies,,,Central,978.0,0.11,,Tamil Nadu
OD5913,Aditi,Oil & Masala,Edible Oil & Ghee,,2/16/2017,Central,,0.14,,Tamil Nadu
OD5914,Surya,Food Grains,Rice,Cumbum,6/27/2017,Central,1136.0,,193.12,
OD5918,Shah,Snacks,Cookies,Nagercoil,7/21/2015,Central,1341.0,0.23,187.74,
OD5921,,,,Chennai,11/25/2015,Central,1863.0,0.32,652.05,
OD5923,Sundar,Oil & Masala,Spices,Salem,10/24/2016,Central,1230.0,0.11,,Tamil Nadu
OD5924,Malik,Fruits & Veggies,Organic Vegetables,Viluppuram,12/27/2017,Central,1903.0,0.29,114.18,Tamil Nadu
OD5925,James,,,Salem,05-11-2015,Central,973.0,0.2,214.06,Tamil Nadu
OD5926,Alan,Beverages,Soft Drinks,Dindigul,11-12-2015,Central,1742.0,,,Tamil Nadu
OD5927,Surya,Food Grains,,,11/13/2018,Central,945.0,0.19,349.65,Tamil Nadu
OD5928,Ravi,"Eggs, Meat & Fish",Chicken,Krishnagiri,08-06-2016,Central,,0.24,144.82,Tamil Nadu
,Alan,Fruits & Veggies,,Tirunelveli,4/27/2018,Central,549.0,0.31,170.19,Tamil Nadu
OD5930,Veronica,Fruits & Veggies,Fresh Vegetables,Tenkasi,05-06-2018,Central,1503.0,0.15,,Tamil Nadu
OD5931,,,Fish,Namakkal,9/27/2017,Central,1987.0,0.28,178.83,
OD5932,Sheeba,"Eggs, Meat & Fish",Chicken,Krishnagiri,,Central,560.0,0.21,190.4,Tamil Nadu
OD5934,Suresh,Snacks,Noodles,Bodi,,Central,1861.0,0.12,576.91,
OD5935,,,Health Drinks,Ramanadhapuram,11/16/2016,Central,2246.0,,449.2,Tamil Nadu
OD5936,,Snacks,,Dharmapuri,,Central,2252.0,,360.32,Tamil Nadu
,Esther,Food Grains,Rice,Theni,12/28/2018,Central,633.0,0.22,69.63,Tamil Nadu
,,,Edible Oil & Ghee,,12/13/2015,Central,,,107.45,Tamil Nadu
,Hafiz,Snacks,,,5/18/2018,Central,,0.2,405.3,
OD5943,Hafiz,,Fresh Fruits,Chennai,12/28/2018,Central,900.0,0.3,252.0,Tamil Nadu
OD5946,Hafiz,Fruits & Veggies,Organic Fruits,Namakkal,,Central,1546.0,0.33,,
OD5947,Ridhesh,Snacks,,,3/31/2016,Central,1744.0,,,
OD5948,Peer,,Fresh Vegetables,Pudukottai,,Central,1006.0,0.11,181.08,
OD5949,Komal,Snacks,Noodles,Virudhunagar,12-02-2015,Central,551.0,0.2,,Tamil Nadu
OD5950,Shah,Beverages,,Pudukottai,,Central,1340.0,0.22,227.8,Tamil Nadu
OD5951,Haseena,Beverages,Soft Drinks,Dharmapuri,10-03-2017,Central,,0.24,432.82,Tamil Nadu
OD5952,Shree,,,Coimbatore,,Central,1456.0,0.14,,
OD5953,Vidya,Fruits & Veggies,Fresh Vegetables,Virudhunagar,,Central,861.0,0.34,301.35,
OD5955,Sundar,"Eggs, Meat & Fish",Chicken,Ramanadhapuram,10-08-2017,Central,677.0,0.23,33.85,Tamil Nadu
,,Fruits & Veggies,Fresh Vegetables,,07-05-2018,Central,,0.11,227.34,
OD6235,,,,Chennai,3/24/2017,Central,,0.1,109.06,Tamil Nadu
OD6236,Ramesh,,Soft Drinks,Viluppuram,9/21/2015,Central,830.0,0.24,149.4,Tamil Nadu
OD6237,,Food Grains,Dals & Pulses,Dindigul,9/21/2015,Central,2328.0,,628.56,
OD6239,Muneer,,Noodles,Coimbatore,10-06-2015,Central,713.0,0.24,,Tamil Nadu
,Harish,Fruits & Veggies,Organic Vegetables,Krishnagiri,11/19/2017,Central,,0.25,427.0,Tamil Nadu
OD6241,Hafiz,Bakery,,Dharmapuri,,Central,593.0,0.29,207.55,Tamil Nadu
,Roshan,Snacks,Cookies,Bodi,10/21/2018,Central,841.0,0.1,,Tamil Nadu
,,Fruits & Veggies,Fresh Fruits,Namakkal,11/27/2017,Central,1874.0,0.2,468.5,Tamil Nadu
OD6245,,Oil & Masala,Spices,,03-01-2016,Central,577.0,,57.7,
OD6246,Hafiz,Beverages,,,6/17/2018,Central,,0.23,83.68,Tamil Nadu
OD6247,,Fruits & Veggies,Fresh Vegetables,Chennai,12-09-2015,Central,1328.0,,517.92,Tamil Nadu
OD6248,,Food Grains,Organic Staples,Chennai,,Central,1399.0,0.13,,Tamil Nadu
OD6249,,Beverages,Soft Drinks,Kanyakumari,9/23/2018,Central,2351.0,0.22,,Tamil Nadu
,Amrish,Bakery,Cakes,Cumbum,,Central,2298.0,0.15,1034.1,Tamil Nadu
OD6251,Amrish,Fruits & Veggies,Fresh Vegetables,Krishnagiri,5/25/2016,Central,,0.28,146.4,Tamil Nadu
OD6252,Haseena,Fruits & Veggies,Organic Vegetables,,09-04-2018,Central,,0.28,286.2,Tamil Nadu
OD6254,,Food Grains,Atta & Flour,Karur,09-04-2018,Central,1371.0,0.33,233.07,Tamil Nadu
,Hussain,Food Grains,Rice,Kanyakumari,08-06-2016,Central,2152.0,0.17,451.92,Tamil Nadu
,Sheeba,Beverages,,Salem,12-09-2015,Central,1480.0,0.35,370.0,Tamil Nadu
OD6257,Haseena,Fruits & Veggies,Organic Vegetables,Nagercoil,11-02-2018,Central,944.0,0.19,84.96,Tamil Nadu
OD6258,Jonas,"Eggs, Meat & Fish",Eggs,Tirunelveli,11/19/2018,Central,1976.0,0.2,592.8,
OD6259,Alan,Food Grains,Dals & Pulses,Viluppuram,,Central,1576.0,0.26,189.12,
,Anu,Snacks,,Ooty,09-08-2018,Central,,0.22,,Tamil Nadu
OD6262,Sundar,Oil & Masala,Spices,Salem,,Central,796.0,,71.64,Tamil Nadu
OD6263,Vinne,Food Grains,Atta & Flour,Vellore,11/14/2015,Central,,0.32,107.94,Tamil Nadu
OD6264,Shree,Snacks,Chocolates,Nagercoil,04-05-2015,Central,,,234.9,Tamil Nadu
OD6265,Mathew,Fruits & Veggies,Organic Vegetables,Vellore,04-05-2015,Central,,0.35,,
OD6266,,Fruits & Veggies,Fresh Fruits,Bodi,07-09-2018,Central,1411.0,0.28,352.75,Tamil Nadu
OD6267,Vidya,"Eggs, Meat & Fish",Mutton,Dharmapuri,09-08-2018,Central,1879.0,,,Tamil Nadu
OD6268,Surya,,Biscuits,,,Central,2427.0,,995.07,Tamil Nadu
OD6269,Sabeela,Snacks,Noodles,Virudhunagar,08-11-2018,Central,761.0,0.21,114.15,Tamil Nadu
OD6270,Amy,Food Grains,Organic Staples,,11/23/2018,Central,2012.0,,,Tamil Nadu
OD6271,Sheeba,Oil & Masala,Masalas,,5/25/2016,Central,2422.0,0.35,484.4,Tamil Nadu
OD6272,Verma,Bakery,Biscuits,Kanyakumari,03-03-2017,Central,1937.0,0.24,406.77,Tamil Nadu
OD6273,Veronica,Oil & Masala,Masalas,Salem,07-02-2017,Central,2426.0,0.21,,Tamil Nadu
OD6274,,Fruits & Veggies,Organic Vegetables,,11-01-2017,Central,671.0,0.23,187.88,Tamil Nadu
OD6275,Akash,,Fish,Salem,11/23/2018,Central,2045.0,0.35,797.55,Tamil Nadu
OD6276,Sabeela,Fruits & Veggies,Fresh Vegetables,Krishnagiri,9/26/2017,Central,1358.0,0.25,,
OD6277,James,Fruits & Veggies,Fresh Vegetables,Virudhunagar,12/14/2015,Central,2378.0,0.3,570.72,Tamil Nadu
OD6278,Willams,"Eggs, Meat & Fish",Fish,Tenkasi,11-07-2015,Central,1120.0,0.17,291.2,Tamil Nadu
OD6279,Sudeep,Snacks,Chocolates,Theni,,Central,1141.0,0.34,68.46,Tamil Nadu
OD6280,Krithika,Oil & Masala,Masalas,Nagercoil,,Central,2143.0,,385.74,Tamil Nadu
OD6281,Veena,Snacks,Chocolates,Virudhunagar,3/31/2018,Central,,0.35,540.8,Tamil Nadu
OD6282,Veronica,Fruits & Veggies,Organic Fruits,Theni,,Central,2063.0,,433.23,Tamil Nadu
OD6284,Hafiz,"Eggs, Meat & Fish",Chicken,,9/24/2017,Central,1563.0,0.21,,Tamil Nadu
,Alan,Beverages,,Cumbum,09-08-2018,Central,694.0,0.19,,Tamil Nadu
OD6287,Aditi,Oil & Masala,Edible Oil & Ghee,Trichy,07-09-2018,Central,1382.0,0.27,538.98,Tamil Nadu
,Amy,Food Grains,,Dindigul,11/18/2018,Central,1020.0,0.29,51.0,Tamil Nadu
OD6492,Sharon,Oil & Masala,Edible Oil & Ghee,Salem,5/20/2018,Central,1045.0,0.31,125.4,Tamil Nadu
OD6493,Adavan,Bakery,Cakes,,11/18/2018,Central,1251.0,0.18,525.42,Tamil Nadu
OD6494,Arutra,,Organic Vegetables,Chennai,12/26/2018,Central,741.0,0.16,244.53,Tamil Nadu
OD6495,,Oil & Masala,Masalas,Vellore,11/18/2018,Central,1280.0,,,Tamil Nadu
OD6496,Yusuf,Food Grains,Rice,Cumbum,11-11-2016,Central,,0.19,156.4,Tamil Nadu
OD6497,Muneer,Beverages,Soft Drinks,Pudukottai,11-11-2016,Central,,0.29,234.21,Tamil Nadu
OD6498,Yadav,Fruits & Veggies,,Pudukottai,3/24/2018,Central,1765.0,,547.15,Tamil Nadu
,Vince,,Health Drinks,Namakkal,9/26/2015,Central,1641.0,0.29,213.33,Tamil Nadu
,Haseena,Food Grains,Atta & Flour,Trichy,,Central,765.0,,198.9,Tamil Nadu
OD6501,,,Fresh Fruits,Vellore,12-12-2015,Central,1349.0,0.34,364.23,Tamil Nadu
OD6554,Shah,Oil & Masala,Edible Oil & Ghee,,9/26/2017,Central,714.0,0.15,71.4,Tamil Nadu
OD6556,Kumar,Oil & Masala,Edible Oil & Ghee,Virudhunagar,,Central,644.0,0.14,154.56,Tamil Nadu
OD6557,Suresh,Food Grains,Atta & Flour,Coimbatore,11-12-2017,Central,1762.0,,546.22,Tamil Nadu
OD6558,Harish,,Fresh Vegetables,Tirunelveli,10-06-2015,Central,694.0,0.34,117.98,Tamil Nadu
OD6559,Shree,Food Grains,Rice,Perambalur,12/19/2016,Central,2497.0,0.34,,Tamil Nadu
,Arvind,Fruits & Veggies,,Madurai,11-12-2017,Central,1437.0,0.12,316.14,Tamil Nadu
OD6561,Amrish,,Fresh Vegetables,,,Central,2338.0,0.32,350.7,Tamil Nadu
,Yadav,Bakery,Breads & Buns,Dindigul,8/13/2017,Central,1743.0,0.27,,Tamil Nadu
,,Oil & Masala,,Perambalur,5/27/2017,Central,2065.0,0.27,,
OD6564,Roshan,Beverages,,Dindigul,5/27/2017,Central,728.0,0.24,152.88,Tamil Nadu
OD6565,Veena,Fruits & Veggies,Fresh Fruits,Vellore,12/19/2016,Central,1129.0,0.13,158.06,Tamil Nadu
OD6566,Sabeela,,Organic Fruits,Dindigul,12/19/2016,Central,2491.0,0.16,622.75,
OD6568,Veronica,Beverages,Soft Drinks,Cumbum,,Central,1444.0,0.29,202.16,
,Kumar,"Eggs, Meat & Fish",Mutton,Krishnagiri,9/27/2016,Central,643.0,0.18,122.17,Tamil Nadu
OD6570,Rumaiza,,Rice,,06-10-2015,Central,,0.22,157.51,
OD6571,Jackson,Fruits & Veggies,Organic Vegetables,Virudhunagar,08-10-2018,Central,1284.0,0.11,205.44,Tamil Nadu
,Haseena,Food Grains,Organic Staples,Perambalur,1/13/2018,Central,824.0,0.3,,Tamil Nadu
OD6573,,Bakery,,Krishnagiri,11-10-2016,Central,1587.0,0.15,,Tamil Nadu
,Sudeep,Oil & Masala,Edible Oil & Ghee,Chennai,11/18/2015,Central,754.0,0.31,196.04,
OD6575,Surya,Fruits & Veggies,,Tenkasi,1/13/2018,Central,1545.0,0.24,401.7,Tamil Nadu
OD6576,Ravi,Beverages,Soft Drinks,Viluppuram,1/13/2018,Central,2237.0,0.32,603.99,Tamil Nadu
OD6577,,Food Grains,,Virudhunagar,11-12-2017,Central,1440.0,0.11,115.2,Tamil Nadu
OD6578,Amrish,,Organic Staples,Dharmapuri,10-09-2016,Central,789.0,,63.12,Tamil Nadu
,Hafiz,,Rice,Krishnagiri,11/21/2017,Central,1293.0,0.14,387.9,
OD6580,Veronica,Beverages,Health Drinks,Bodi,06-01-2018,Central,557.0,0.16,55.7,Tamil Nadu
OD6582,Muneer,Snacks,,,11-12-2017,Central,2004.0,,801.6,
OD6583,Willams,Beverages,Soft Drinks,Salem,10-09-2016,Central,1179.0,0.3,,Tamil Nadu
OD6585,Vince,Bakery,Breads & Buns,Dharmapuri,8/27/2017,Central,,0.32,658.28,Tamil Nadu
OD6587,,"Eggs, Meat & Fish",Eggs,,11/21/2016,Central,2446.0,0.34,1027.32,Tamil Nadu
OD6589,,,,,9/14/2015,Central,1181.0,0.27,,
OD6590,Ridhesh,Food Grains,Rice,Trichy,09-05-2017,Central,1254.0,0.33,551.76,Tamil Nadu
OD6591,,Snacks,Noodles,,,Central,656.0,0.33,255.84,Tamil Nadu
OD6592,Hussain,Oil & Masala,Masalas,Krishnagiri,11/27/2017,Central,1892.0,0.2,832.48,
,,Oil & Masala,Edible Oil & Ghee,Ramanadhapuram,1/22/2018,Central,2155.0,,,Tamil Nadu
OD6594,Peer,Snacks,Noodles,,,Central,2306.0,0.35,899.34,Tamil Nadu
OD6595,Willams,,Chocolates,Chennai,,Central,1692.0,,,Tamil Nadu
OD6596,Ganesh,Beverages,,Dindigul,4/18/2016,Central,797.0,0.2,,Tamil Nadu
OD6597,Sundar,Snacks,,,12/30/2015,Central,2320.0,,371.2,Tamil Nadu
OD6600,Yadav,Snacks,Chocolates,Krishnagiri,12-09-2017,Central,1176.0,0.11,,Tamil Nadu
OD6601,Jackson,,Edible Oil & Ghee,Tirunelveli,9/14/2015,Central,1945.0,0.35,291.75,Tamil Nadu
OD6602,Vince,Snacks,,Krishnagiri,,Central,,0.1,811.58,Tamil Nadu
OD6603,Ram,Beverages,Health Drinks,Ramanadhapuram,12/23/2018,Central,599.0,,113.81,Tamil Nadu
,,,Chocolates,Namakkal,10-03-2018,Central,1491.0,0.16,223.65,Tamil Nadu
,Kumar,Beverages,Soft Drinks,Tirunelveli,,Central,,,584.61,Tamil Nadu
OD6608,Arvind,Oil & Masala,Edible Oil & Ghee,Kanyakumari,09-05-2017,Central,1126.0,0.11,484.18,
OD6609,Hussain,Bakery,,Coimbatore,,Central,922.0,0.21,202.84,Tamil Nadu
OD6610,,Oil & Masala,Spices,Ramanadhapuram,5/20/2015,Central,640.0,0.3,211.2,
OD6612,,"Eggs, Meat & Fish",Chicken,Kanyakumari,,Central,1010.0,,,
OD6614,Yadav,Snacks,Cookies,Perambalur,05-08-2018,Central,,0.1,490.1,
OD6615,Sheeba,Oil & Masala,Spices,Ramanadhapuram,,Central,2301.0,0.19,575.25,Tamil Nadu
OD6616,,,,Perambalur,07-07-2017,Central,1819.0,0.3,272.85,Tamil Nadu
OD6617,,Oil & Masala,Edible Oil & Ghee,Coimbatore,12-02-2017,Central,1242.0,0.17,397.44,
OD6618,Harish,,,,4/18/2016,Central,1319.0,0.29,,Tamil Nadu
OD6619,Arvind,Oil & Masala,Edible Oil & Ghee,Cumbum,,Central,,0.3,140.0,Tamil Nadu
OD6621,Alan,"Eggs, Meat & Fish",Mutton,Madurai,9/14/2015,Central,614.0,0.25,208.76,Tamil Nadu
OD6622,Anu,Snacks,Chocolates,Virudhunagar,4/18/2016,Central,793.0,0.12,301.34,Tamil Nadu
,Shah,,,Cumbum,5/31/2016,Central,1500.0,0.32,450.0,Tamil Nadu
OD6624,,Beverages,,Cumbum,5/28/2018,Central,964.0,0.29,115.68,Tamil Nadu
OD6626,Harish,Beverages,Health Drinks,Perambalur,7/21/2018,Central,,0.34,835.1,Tamil Nadu
,Veena,Bakery,Breads & Buns,Nagercoil,,Central,,0.25,345.5,
OD6629,,Beverages,,Tirunelveli,10-02-2018,Central,,0.25,292.68,Tamil Nadu
OD6630,Mathew,Food Grains,,Karur,7/21/2018,Central,1569.0,0.15,674.67,Tamil Nadu
OD6892,Akash,Fruits & Veggies,Fresh Vegetables,Kanyakumari,12/25/2016,Central,1451.0,0.25,435.3,Tamil Nadu
OD6894,Yusuf,,Eggs,Coimbatore,9/25/2017,Central,2446.0,0.24,1051.78,Tamil Nadu
,Muneer,Beverages,Soft Drinks,,11/20/2017,Central,,0.12,,Tamil Nadu
OD6899,Vince,,Biscuits,Bodi,,Central,531.0,0.25,169.92,Tamil Nadu
OD6900,Sharon,,Spices,Pudukottai,10-02-2017,Central,2378.0,0.12,,Tamil Nadu
OD6901,Sharon,Food Grains,Organic Staples,Dharmapuri,12-10-2016,Central,1300.0,,585.0,Tamil Nadu
OD6902,,Oil & Masala,Edible Oil & Ghee,Cumbum,,Central,2023.0,0.21,586.67,Tamil Nadu
OD6903,,Beverages,Soft Drinks,,12-09-2018,Central,1986.0,0.27,,
OD6906,Kumar,Bakery,Cakes,,,Central,1934.0,0.34,96.7,
OD6909,Sabeela,,,Dindigul,7/20/2018,Central,1453.0,0.3,334.19,Tamil Nadu
OD6911,Sudha,,Fish,Madurai,10/29/2015,Central,,0.34,140.25,Tamil Nadu
OD6912,Sheeba,,Breads & Buns,Salem,7/13/2018,Central,1992.0,0.21,,Tamil Nadu
OD6913,Anu,Bakery,Breads & Buns,Coimbatore,12-09-2018,Central,1258.0,,150.96,Tamil Nadu
OD6914,Arvind,Beverages,,Ooty,,Central,,,583.42,
OD6915,Harish,Beverages,Soft Drinks,,11/24/2015,Central,645.0,0.1,45.15,Tamil Nadu
OD6917,Aditi,Beverages,Health Drinks,Theni,5/13/2018,Central,609.0,0.16,170.52,
OD6920,James,,,Ramanadhapuram,12/17/2018,Central,1828.0,0.25,383.88,Tamil Nadu
OD6921,Roshan,,Soft Drinks,Ooty,10/31/2017,Central,1739.0,0.15,,Tamil Nadu
OD6923,Kumar,Beverages,,Madurai,5/13/2018,Central,,,467.21,
,Hussain,Beverages,Health Drinks,Krishnagiri,11/27/2018,Central,,0.31,137.17,Tamil Nadu
OD6925,Hussain,Beverages,Soft Drinks,Ooty,01-04-2016,Central,1449.0,,333.27,Tamil Nadu
,Anu,,Atta & Flour,Nagercoil,11-02-2018,Central,1247.0,,211.99,Tamil Nadu
OD6927,Arvind,Fruits & Veggies,Fresh Vegetables,Pudukottai,7/15/2015,Central,1911.0,0.35,,Tamil Nadu
OD6928,Arutra,,,Perambalur,11/20/2017,Central,2305.0,0.34,345.75,Tamil Nadu
OD6929,Sudha,Food Grains,Dals & Pulses,,5/13/2018,Central,2494.0,0.2,523.74,Tamil Nadu
OD6930,,Bakery,Biscuits,Kanyakumari,12/25/2016,Central,2467.0,,296.04,Tamil Nadu
OD6931,Ridhesh,Food Grains,Rice,Perambalur,11/24/2015,Central,2473.0,,321.49,Tamil Nadu
OD6932,Surya,Bakery,Biscuits,Perambalur,,Central,,0.17,362.8,Tamil Nadu
OD6933,Malik,Food Grains,Organic Staples,Virudhunagar,09-05-2016,Central,1566.0,0.11,485.46,
OD6935,Aditi,"Eggs, Meat & Fish",Mutton,Trichy,10/31/2017,Central,1813.0,0.25,145.04,Tamil Nadu
OD6936,James,Beverages,,Karur,7/31/2016,Central,1729.0,0.15,708.89,
OD6937,James,,,Tirunelveli,11/24/2015,Central,2462.0,0.23,837.08,
OD6938,Jonas,Bakery,Breads & Buns,Theni,,Central,1666.0,0.34,283.22,Tamil Nadu
OD6941,Krithika,,Masalas,Chennai,9/22/2018,Central,2382.0,0.16,262.02,Tamil Nadu
OD6942,,Snacks,Noodles,,9/17/2017,Central,,0.23,122.22,Tamil Nadu
OD6944,Kumar,Oil & Masala,Edible Oil & Ghee,Chennai,03-08-2017,Central,,,410.76,Tamil Nadu
OD6945,Sudha,Beverages,,Ooty,06-01-2018,Central,907.0,,,Tamil Nadu
OD6949,Peer,Bakery,,Vellore,01-04-2016,Central,1733.0,0.31,225.29,Tamil Nadu
OD6950,Kumar,Beverages,Health Drinks,Vellore,7/31/2018,Central,1060.0,0.28,455.8,Tamil Nadu
OD6951,Sundar,Oil & Masala,,Vellore,,Central,926.0,0.14,157.42,
OD6952,,,Breads & Buns,Ramanadhapuram,10/19/2016,Central,824.0,0.15,164.8,
OD6955,Vinne,"Eggs, Meat & Fish",,Ooty,11/27/2018,Central,1293.0,0.2,297.39,Tamil Nadu
OD6956,Komal,,,Dharmapuri,05-04-2016,Central,619.0,0.21,55.71,Tamil Nadu
OD6957,,,Organic Fruits,Tenkasi,12/31/2015,Central,2480.0,0.35,520.8,Tamil Nadu
OD6959,Komal,Oil & Masala,Spices,Vellore,7/20/2018,Central,1923.0,0.12,134.61,Tamil Nadu
OD6960,Surya,Snacks,Cookies,Perambalur,01-08-2017,Central,1798.0,0.21,,Tamil Nadu
OD6962,Veronica,Oil & Masala,Masalas,Tirunelveli,12-04-2016,Central,877.0,0.14,,Tamil Nadu
OD6963,Jonas,Fruits & Veggies,,Salem,12-02-2017,Central,1175.0,0.23,517.0,Tamil Nadu
OD6964,Anu,Beverages,Soft Drinks,Tenkasi,9/22/2018,Central,1669.0,0.25,650.91,Tamil Nadu
OD6966,Ram,Beverages,,Dharmapuri,05-07-2018,Central,1356.0,0.21,379.68,
OD6967,Krithika,Bakery,Cakes,Madurai,03-08-2017,Central,1006.0,0.24,352.1,Tamil Nadu
OD6968,Willams,Bakery,Breads & Buns,,06-01-2015,Central,894.0,0.28,357.6,
OD6969,,,Biscuits,,12-09-2017,Central,1353.0,0.29,405.9,Tamil Nadu
OD6970,,Oil & Masala,Spices,Ramanadhapuram,,Central,2083.0,0.29,791.54,Tamil Nadu
OD6971,,Bakery,Breads & Buns,,3/21/2017,Central,,,172.8,Tamil Nadu
OD6972,,Fruits & Veggies,Organic Vegetables,Trichy,11/21/2015,Central,,0.19,384.6,Tamil Nadu
OD6973,Arutra,Food Grains,Organic Staples,Cumbum,11/25/2015,Central,907.0,0.15,263.03,Tamil Nadu
OD6974,Vince,Snacks,Noodles,Tenkasi,2/16/2017,Central,1687.0,0.2,,Tamil Nadu
,Suresh,Fruits & Veggies,Organic Fruits,Dharmapuri,6/29/2018,Central,1033.0,0.16,433.86,Tamil Nadu
OD6976,Ramesh,"Eggs, Meat & Fish",Mutton,,,Central,1959.0,0.11,666.06,Tamil Nadu
OD6977,Roshan,,Organic Vegetables,,11-12-2016,Central,1693.0,0.11,592.55,Tamil Nadu
OD6978,,,Organic Vegetables,,,Central,,0.13,363.94,Tamil Nadu
OD6979,Veena,Bakery,Cakes,,11/21/2016,Central,2337.0,0.17,841.32,Tamil Nadu
OD6981,,,Spices,,12/31/2015,Central,2075.0,,,Tamil Nadu
OD6984,,,Organic Fruits,Coimbatore,,Central,,0.14,655.2,Tamil Nadu
OD6985,Veena,,Masalas,Tenkasi,11/25/2015,Central,,0.23,278.82,Tamil Nadu
OD6986,Adavan,Snacks,Chocolates,Karur,11/23/2018,Central,,0.19,,Tamil Nadu
OD6987,Muneer,Fruits & Veggies,Fresh Vegetables,Tenkasi,,Central,2195.0,,109.75,Tamil Nadu
OD6988,Hussain,Snacks,Noodles,,05-09-2017,Central,622.0,0.21,49.76,Tamil Nadu
OD6989,Shah,,Biscuits,Karur,01-03-2016,Central,1376.0,0.31,,
OD6990,Shree,Food Grains,Organic Staples,Ooty,6/20/2017,Central,1046.0,0.19,,Tamil Nadu
OD6991,Surya,Fruits & Veggies,Fresh Fruits,Cumbum,,Central,2098.0,0.3,818.22,
OD6992,,Snacks,Chocolates,Salem,07-09-2015,Central,1061.0,0.29,392.57,Tamil Nadu
OD6993,Sheeba,,Edible Oil & Ghee,Theni,11-03-2017,Central,799.0,0.35,151.81,Tamil Nadu
OD6996,Hussain,,Cakes,Theni,08-06-2016,Central,1346.0,0.3,457.64,
OD6997,Arutra,Bakery,Breads & Buns,Krishnagiri,12-01-2018,Central,2106.0,0.32,231.66,Tamil Nadu
OD6999,Sudha,Oil & Masala,Masalas,,05-05-2015,Central,1245.0,,,
OD7000,Willams,,Dals & Pulses,Tenkasi,12-08-2015,Central,1825.0,,292.0,Tamil Nadu
OD7001,Ramesh,,Breads & Buns,Karur,,Central,1094.0,0.24,415.72,Tamil Nadu
OD7003,,Food Grains,Atta & Flour,Chennai,10-12-2015,Central,1170.0,0.33,105.3,Tamil Nadu
OD7004,Roshan,Oil & Masala,Spices,Cumbum,6/26/2017,Central,,0.15,268.54,Tamil Nadu
OD7005,Shree,,Chicken,Krishnagiri,10/31/2018,Central,,0.16,51.68,Tamil Nadu
OD7006,Ridhesh,"Eggs, Meat & Fish",,Tenkasi,9/22/2018,Central,757.0,0.12,113.55,Tamil Nadu
OD7007,Yusuf,Oil & Masala,Spices,Dindigul,,Central,1598.0,,,Tamil Nadu
OD7008,Veena,Fruits & Veggies,Organic Fruits,Theni,,Central,1735.0,0.27,433.75,Tamil Nadu
OD7009,Sudha,Bakery,Cakes,Dharmapuri,05-02-2016,Central,,0.26,218.9,
OD7012,Sabeela,,Breads & Buns,,11-01-2015,Central,2422.0,0.28,,Tamil Nadu
OD7013,Surya,Oil & Masala,,Viluppuram,7/23/2018,Central,605.0,0.28,248.05,Tamil Nadu
OD7014,Verma,Fruits & Veggies,Fresh Fruits,Kanyakumari,09-03-2018,Central,580.0,0.1,237.8,Tamil Nadu
OD7015,,Snacks,Chocolates,Dindigul,,Central,592.0,0.14,230.88,Tamil Nadu
OD7019,Sheeba,Snacks,Chocolates,Vellore,07-05-2018,Central,,0.22,709.2,Tamil Nadu
OD7020,Haseena,Oil & Masala,Masalas,,10/24/2016,Central,1322.0,0.22,92.54,
OD7021,Adavan,Beverages,Health Drinks,Coimbatore,10/24/2017,Central,2283.0,0.18,228.3,Tamil Nadu
OD7023,Muneer,Beverages,,Chennai,3/31/2016,Central,733.0,0.25,124.61,Tamil Nadu
OD7024,,Oil & Masala,Masalas,Kanyakumari,8/17/2015,Central,,0.15,349.25,Tamil Nadu
OD7025,Shree,Beverages,Soft Drinks,,,Central,1719.0,,120.33,Tamil Nadu
OD7028,Harish,"Eggs, Meat & Fish",Fish,,12-07-2018,Central,1920.0,0.28,518.4,Tamil Nadu
OD7029,Willams,"Eggs, Meat & Fish",Eggs,Kanyakumari,9/22/2015,Central,1134.0,0.23,90.72,Tamil Nadu
OD7030,Sudha,"Eggs, Meat & Fish",Mutton,Kanyakumari,,Central,1418.0,0.35,85.08,Tamil Nadu
OD7031,Arutra,Beverages,Soft Drinks,Viluppuram,4/18/2017,Central,1682.0,0.24,84.1,Tamil Nadu
OD7032,Hafiz,Bakery,,Ramanadhapuram,08-05-2016,Central,715.0,0.23,164.45,
OD7033,,"Eggs, Meat & Fish",Fish,,04-10-2017,Central,1352.0,0.11,554.32,Tamil Nadu
OD7036,Arutra,"Eggs, Meat & Fish",Chicken,,7/17/2016,Central,2252.0,0.18,472.92,Tamil Nadu
OD7037,Surya,"Eggs, Meat & Fish",Mutton,,,Central,908.0,,,Tamil Nadu
OD7038,Vinne,Oil & Masala,Edible Oil & Ghee,Perambalur,7/25/2017,Central,,0.17,923.52,Tamil Nadu
OD7039,Verma,Food Grains,Dals & Pulses,,9/25/2017,Central,1782.0,0.11,,Tamil Nadu
,,,Soft Drinks,Madurai,09-09-2018,Central,1225.0,,379.75,Tamil Nadu
OD7041,Ravi,,Health Drinks,,1/30/2017,Central,1745.0,0.19,663.1,Tamil Nadu
OD7042,Jackson,,,Karur,09-06-2017,Central,2032.0,0.18,467.36,Tamil Nadu
OD7043,Haseena,Fruits & Veggies,Organic Vegetables,Dindigul,11/23/2016,Central,1111.0,0.11,77.77,Tamil Nadu
OD7045,Veronica,Fruits & Veggies,Organic Vegetables,Namakkal,,Central,679.0,0.14,169.75,Tamil Nadu
OD7046,,Snacks,Noodles,Chennai,,Central,1285.0,0.27,,
OD7047,Sheeba,Fruits & Veggies,Organic Fruits,Salem,03-02-2018,Central,2017.0,0.3,121.02,
OD7048,Amrish,Fruits & Veggies,Organic Vegetables,,,Central,1337.0,,93.59,Tamil Nadu
OD7049,Ridhesh,Beverages,Soft Drinks,Cumbum,7/21/2015,Central,,0.25,832.48,Tamil Nadu
OD7050,Hafiz,Oil & Masala,Edible Oil & Ghee,Dharmapuri,4/15/2017,Central,1089.0,0.23,250.47,Tamil Nadu
OD7051,James,Bakery,Breads & Buns,Perambalur,,Central,2218.0,0.17,,Tamil Nadu
OD7052,Esther,Food Grains,Organic Staples,Kanyakumari,6/30/2015,Central,925.0,0.13,,Tamil Nadu
OD7053,Ramesh,Food Grains,Dals & Pulses,Nagercoil,09-02-2018,Central,,0.14,625.8,Tamil Nadu
,Ramesh,Beverages,Health Drinks,Cumbum,6/30/2015,Central,2121.0,0.15,530.25,Tamil Nadu
OD7056,Vinne,,,Viluppuram,5/19/2018,Central,,0.35,513.25,Tamil Nadu
OD7057,Veena,,,Krishnagiri,07-05-2018,Central,748.0,,,Tamil Nadu
OD7058,Akash,,,Ramanadhapuram,05-09-2017,Central,2049.0,0.3,,Tamil Nadu
OD7059,,,Noodles,Nagercoil,11-12-2015,Central,1416.0,0.32,382.32,Tamil Nadu
OD7060,Rumaiza,Fruits & Veggies,Organic Fruits,,12/15/2018,Central,,0.34,,Tamil Nadu
,Veronica,,Cookies,Tenkasi,,Central,2057.0,0.2,658.24,Tamil Nadu
OD7062,Kumar,,Spices,Nagercoil,4/15/2017,Central,,,184.08,Tamil Nadu
OD7064,Vinne,Snacks,Chocolates,Trichy,6/27/2017,Central,2216.0,0.16,487.52,Tamil Nadu
OD7065,Shah,Snacks,Noodles,Madurai,08-01-2018,Central,2253.0,0.18,315.42,Tamil Nadu
OD7066,Hafiz,Fruits & Veggies,Organic Vegetables,Ooty,11-12-2015,Central,,0.35,,Tamil Nadu
,Suresh,,Soft Drinks,Krishnagiri,5/21/2017,Central,931.0,0.24,353.78,Tamil Nadu
OD7071,Amy,Bakery,Cakes,Coimbatore,10-07-2015,Central,639.0,0.29,83.07,Tamil Nadu
OD7072,Suresh,Bakery,Cakes,Vellore,11/24/2018,Central,,0.15,352.52,Tamil Nadu
OD7073,Yadav,Fruits & Veggies,Organic Vegetables,,6/21/2017,Central,1604.0,0.33,561.4,Tamil Nadu
OD7074,Ram,Bakery,Biscuits,Pudukottai,,Central,886.0,0.21,283.52,Tamil Nadu
OD7076,Adavan,Snacks,Noodles,,07-05-2018,Central,1983.0,0.29,118.98,
,Aditi,Fruits & Veggies,Organic Vegetables,,10-10-2015,Central,801.0,0.35,,
,,Snacks,Noodles,Theni,,Central,2246.0,0.13,606.42,Tamil Nadu
OD7080,Veronica,Fruits & Veggies,Fresh Fruits,Ramanadhapuram,12-09-2015,Central,573.0,0.24,212.01,Tamil Nadu
OD7081,Akash,Snacks,Noodles,Kanyakumari,,Central,909.0,,45.45,Tamil Nadu
OD7082,Shah,Beverages,Health Drinks,,9/26/2017,Central,1159.0,0.26,69.54,
OD7083,Suresh,Snacks,,,6/24/2017,Central,1268.0,,,
OD7084,Vince,,Soft Drinks,,5/21/2017,Central,1691.0,0.25,710.22,Tamil Nadu
OD7085,Ram,Food Grains,Organic Staples,Madurai,11/21/2016,Central,777.0,0.18,217.56,Tamil Nadu
OD7086,Komal,Fruits & Veggies,Fresh Vegetables,Tirunelveli,11/23/2016,Central,2422.0,,314.86,Tamil Nadu
OD7087,Malik,Oil & Masala,Edible Oil & Ghee,Madurai,4/21/2017,Central,,0.25,817.13,Tamil Nadu
OD7088,,,Breads & Buns,Krishnagiri,7/21/2015,Central,1279.0,0.3,306.96,Tamil Nadu
,Vinne,"Eggs, Meat & Fish",Chicken,Bodi,11/21/2016,Central,1399.0,,489.65,Tamil Nadu
OD7090,,,Dals & Pulses,,11/23/2015,Central,1871.0,0.28,112.26,Tamil Nadu
OD7091,Sabeela,Beverages,Health Drinks,,5/21/2017,Central,1548.0,0.25,634.68,Tamil Nadu
OD7092,,Bakery,Breads & Buns,,6/24/2018,Central,1586.0,0.24,586.82,Tamil Nadu
OD7096,James,Bakery,Breads & Buns,,05-09-2017,Central,643.0,0.29,154.32,Tamil Nadu
OD7097,,Fruits & Veggies,Fresh Vegetables,,06-11-2017,Central,544.0,0.34,,Tamil Nadu
OD7100,Vidya,Beverages,,Ooty,11/18/2015,Central,,0.3,189.45,Tamil Nadu
,Sudeep,Bakery,Biscuits,Virudhunagar,,Central,,0.25,331.35,Tamil Nadu
OD7102,Krithika,"Eggs, Meat & Fish",,Dharmapuri,12-07-2018,Central,2499.0,,524.79,Tamil Nadu
OD7103,Amy,,Eggs,Krishnagiri,12/28/2018,Central,635.0,0.29,63.5,
OD7104,,Snacks,Cookies,,01-12-2018,Central,2268.0,0.22,635.04,Tamil Nadu
OD7105,,Oil & Masala,,,11/21/2016,Central,1937.0,,329.29,Tamil Nadu
,Arvind,Snacks,,Dindigul,08-06-2016,Central,1228.0,0.26,478.92,
OD7108,,"Eggs, Meat & Fish",Mutton,Chennai,10-10-2015,Central,2021.0,0.32,545.67,Tamil Nadu
OD7109,Yusuf,,,Ramanadhapuram,2/16/2017,Central,1380.0,,,Tamil Nadu
,Aditi,"Eggs, Meat & Fish",Eggs,Madurai,05-09-2017,Central,2159.0,0.15,410.21,Tamil Nadu
OD7111,Willams,Food Grains,Organic Staples,Ooty,,Central,1420.0,0.34,184.6,Tamil Nadu
OD7112,Muneer,Snacks,Noodles,Salem,3/15/2017,Central,,,133.84,Tamil Nadu
OD7113,Ravi,Beverages,Health Drinks,Ramanadhapuram,,Central,1500.0,,525.0,
OD7115,Amrish,Fruits & Veggies,Fresh Vegetables,Namakkal,06-04-2018,Central,,0.35,251.56,Tamil Nadu
OD7116,Sharon,Bakery,Biscuits,Pudukottai,9/22/2018,Central,2150.0,,,Tamil Nadu
OD7118,Rumaiza,,Health Drinks,Dharmapuri,3/26/2018,Central,783.0,0.28,39.15,Tamil Nadu
OD7119,Amy,Fruits & Veggies,Fresh Fruits,Dharmapuri,4/21/2017,Central,2264.0,0.18,271.68,Tamil Nadu
OD7120,,Fruits & Veggies,Fresh Fruits,Vellore,06-01-2016,Central,1909.0,,,Tamil Nadu
,Akash,Snacks,Noodles,Madurai,05-06-2018,Central,1208.0,0.15,374.48,Tamil Nadu
OD7877,Vince,Oil & Masala,Masalas,,07-05-2018,Central,882.0,0.35,,Tamil Nadu
OD7878,Shree,"Eggs, Meat & Fish",,Nagercoil,11/27/2017,Central,2038.0,0.1,,Tamil Nadu
OD7879,Peer,Fruits & Veggies,Fresh Vegetables,Madurai,02-11-2017,Central,1832.0,,403.04,Tamil Nadu
,Suresh,Snacks,Cookies,Kanyakumari,3/13/2018,Central,1816.0,0.12,108.96,Tamil Nadu
OD7881,Sheeba,Bakery,Breads & Buns,Cumbum,10-12-2018,Central,552.0,0.28,115.92,Tamil Nadu
OD7882,Arvind,Beverages,Soft Drinks,Vellore,5/25/2016,Central,,,206.56,
OD7883,Ridhesh,Beverages,Soft Drinks,Krishnagiri,,Central,1025.0,0.12,92.25,Tamil Nadu
OD7885,,Beverages,Soft Drinks,Nagercoil,08-11-2018,Central,1278.0,0.17,460.08,Tamil Nadu
OD7886,Kumar,Bakery,Breads & Buns,Trichy,9/21/2016,Central,2154.0,0.25,667.74,Tamil Nadu
OD7888,Haseena,Fruits & Veggies,Fresh Fruits,Theni,03-09-2016,Central,,0.34,,Tamil Nadu
OD7889,Veena,Oil & Masala,Spices,,03-01-2016,Central,2186.0,0.23,568.36,Tamil Nadu
OD7890,,,Spices,Kanyakumari,03-09-2016,Central,,0.35,748.88,
OD7891,Peer,Bakery,Cakes,Ooty,12-11-2018,Central,1150.0,0.17,,Tamil Nadu
OD7892,Verma,Bakery,Biscuits,Dindigul,,Central,1210.0,,544.5,Tamil Nadu
OD7974,Willams,,,,06-01-2018,Central,1486.0,0.35,520.1,
OD7975,,Food Grains,Rice,,11/21/2017,Central,837.0,0.34,150.66,Tamil Nadu
OD7976,Mathew,"Eggs, Meat & Fish",Chicken,Bodi,10-09-2016,Central,1648.0,,181.28,
OD7977,,Food Grains,,Virudhunagar,10-09-2016,Central,2105.0,0.13,,Tamil Nadu
,Rumaiza,Fruits & Veggies,Organic Vegetables,Nagercoil,12-08-2017,Central,810.0,0.33,48.6,
OD7979,Sheeba,"Eggs, Meat & Fish",Fish,Theni,7/25/2017,Central,,0.26,790.4,Tamil Nadu
OD7980,,,Dals & Pulses,Tenkasi,7/25/2017,Central,2156.0,0.23,258.72,Tamil Nadu
OD7981,Shah,Fruits & Veggies,,Perambalur,,Central,1662.0,0.34,565.08,Tamil Nadu
OD7983,,"Eggs, Meat & Fish",Eggs,Kanyakumari,12/30/2015,Central,,0.11,,
OD7984,,Beverages,Soft Drinks,Tirunelveli,4/18/2016,Central,1482.0,0.15,592.8,
OD7985,Yusuf,Fruits & Veggies,Fresh Fruits,Trichy,,Central,2331.0,0.16,116.55,Tamil Nadu
,Yadav,,Fresh Vegetables,Nagercoil,12/30/2015,Central,,0.11,458.56,Tamil Nadu
OD7988,Arutra,Snacks,Noodles,Ramanadhapuram,4/18/2016,Central,552.0,0.34,204.24,Tamil Nadu
OD7989,Muneer,"Eggs, Meat & Fish",,Karur,11/30/2018,Central,1570.0,,549.5,
OD7990,James,,Soft Drinks,Ooty,09-04-2016,Central,556.0,0.33,127.88,
,Kumar,Snacks,Chocolates,,12/23/2017,Central,1130.0,0.19,,Tamil Nadu
OD7992,Hussain,Food Grains,,Bodi,12/23/2017,Central,757.0,0.24,136.26,Tamil Nadu
OD7994,Krithika,Oil & Masala,Edible Oil & Ghee,Viluppuram,12/30/2015,Central,1116.0,0.27,89.28,Tamil Nadu
OD7995,,Fruits & Veggies,Fresh Fruits,,12-09-2017,Central,1922.0,,,Tamil Nadu
OD7996,Ram,Bakery,Biscuits,,11-05-2018,Central,809.0,0.13,,Tamil Nadu
,Sudha,Food Grains,Rice,Krishnagiri,,Central,,0.19,731.12,Tamil Nadu
OD7999,Shree,Beverages,Health Drinks,Theni,09-08-2018,Central,,0.11,,
OD8001,Alan,Fruits & Veggies,Fresh Fruits,Tirunelveli,07-03-2018,Central,1492.0,,119.36,Tamil Nadu
,,,Eggs,Theni,,Central,693.0,0.27,284.13,Tamil Nadu
,Veena,Beverages,,,11/26/2016,Central,2267.0,0.27,974.81,Tamil Nadu
,Hafiz,Oil & Masala,Edible Oil & Ghee,Madurai,04-01-2017,Central,1382.0,0.31,69.1,
OD8079,Yusuf,,,Kanyakumari,10/28/2015,Central,2431.0,0.18,486.2,Tamil Nadu
OD8081,Ganesh,Fruits & Veggies,Fresh Vegetables,Kanyakumari,2/15/2016,Central,1043.0,0.28,114.73,Tamil Nadu
,Ridhesh,Fruits & Veggies,Organic Fruits,Nagercoil,2/20/2015,Central,1808.0,,470.08,Tamil Nadu
OD8083,Sundar,,Chocolates,Madurai,,Central,1451.0,,188.63,
OD8084,Veronica,,Health Drinks,Tirunelveli,7/20/2018,Central,838.0,0.26,217.88,Tamil Nadu
OD8085,Arutra,Food Grains,Atta & Flour,Bodi,7/15/2015,Central,1617.0,0.25,501.27,Tamil Nadu
OD8086,Sharon,Food Grains,Dals & Pulses,Virudhunagar,12/18/2018,Central,855.0,0.24,128.25,Tamil Nadu
,,Oil & Masala,Spices,Nagercoil,,Central,1813.0,0.25,108.78,Tamil Nadu
OD8088,Ganesh,Snacks,Noodles,Tirunelveli,2/15/2016,Central,2135.0,,469.7,Tamil Nadu
,Jonas,Bakery,Cakes,Cumbum,9/24/2018,Central,,0.11,117.8,Tamil Nadu
OD8091,Hafiz,Bakery,Cakes,Theni,9/24/2018,Central,905.0,,,Tamil Nadu
,,,Rice,Namakkal,2/15/2016,Central,,0.17,235.6,Tamil Nadu
OD8093,Shree,"Eggs, Meat & Fish",,,9/25/2017,Central,1485.0,0.26,,
OD8094,Amrish,Oil & Masala,Edible Oil & Ghee,Dindigul,,Central,2077.0,,311.55,
,Esther,Beverages,,,,Central,2359.0,0.1,495.39,Tamil Nadu
OD8099,,"Eggs, Meat & Fish",,Coimbatore,11/25/2017,Central,1109.0,0.21,99.81,Tamil Nadu
,Ram,Fruits & Veggies,Organic Fruits,Nagercoil,7/29/2018,Central,1682.0,0.32,504.6,Tamil Nadu
OD8101,Roshan,Snacks,Noodles,Salem,09-03-2018,Central,1101.0,0.3,429.39,
OD8102,Rumaiza,Oil & Masala,Spices,Vellore,01-03-2017,Central,881.0,0.13,299.54,Tamil Nadu
OD8103,Sudeep,Snacks,Noodles,Vellore,09-06-2017,Central,1150.0,,195.5,Tamil Nadu
OD8104,,Oil & Masala,Edible Oil & Ghee,Cumbum,,Central,1398.0,0.25,321.54,
,Ganesh,,,Ooty,11/25/2015,Central,1701.0,0.19,663.39,Tamil Nadu
OD8107,,Snacks,,Chennai,11-12-2015,Central,2104.0,,946.8,Tamil Nadu
,Vinne,Oil & Masala,,Dindigul,01-03-2017,Central,1123.0,0.3,449.2,
OD8110,Vidya,Bakery,,Salem,,Central,1952.0,0.18,,Tamil Nadu
OD8113,,Bakery,Biscuits,,6/20/2017,Central,591.0,,189.12,Tamil Nadu
OD8114,Shah,Oil & Masala,Masalas,Ooty,10/31/2018,Central,2390.0,0.23,501.9,Tamil Nadu
OD8116,Rumaiza,Fruits & Veggies,Fresh Vegetables,Bodi,8/28/2016,Central,1608.0,0.13,,Tamil Nadu
,Alan,Oil & Masala,Masalas,Trichy,,Central,,0.26,,Tamil Nadu
OD8122,Sundar,Food Grains,Organic Staples,Tirunelveli,01-03-2017,Central,1471.0,0.32,161.81,Tamil Nadu
,Alan,Bakery,Biscuits,Viluppuram,10-10-2015,Central,1434.0,,114.72,Tamil Nadu
,Vinne,Oil & Masala,Spices,Viluppuram,11/20/2017,Central,,0.24,189.04,Tamil Nadu
OD8127,Akash,,Fresh Vegetables,,10-10-2015,Central,566.0,,39.62,Tamil Nadu
OD8129,,"Eggs, Meat & Fish",,Ramanadhapuram,08-01-2018,Central,1685.0,,168.5,Tamil Nadu
OD8382,Verma,Fruits & Veggies,,Perambalur,12/18/2017,Central,1936.0,0.32,329.12,
OD8385,Alan,Oil & Masala,Edible Oil & Ghee,,3/24/2016,Central,1856.0,0.12,779.52,Tamil Nadu
OD8387,Suresh,"Eggs, Meat & Fish",Fish,Bodi,6/13/2018,Central,819.0,0.24,319.41,Tamil Nadu
,Sudha,Beverages,Health Drinks,Kanyakumari,3/30/2015,Central,520.0,0.3,150.8,Tamil Nadu
OD8389,,Snacks,Chocolates,Ramanadhapuram,2/17/2018,Central,2224.0,0.19,822.88,Tamil Nadu
,,"Eggs, Meat & Fish",Fish,Nagercoil,3/19/2016,Central,1290.0,0.31,516.0,Tamil Nadu
OD8391,Kumar,,Chocolates,,6/22/2016,Central,1294.0,0.33,517.6,Tamil Nadu
,Yadav,Snacks,Chocolates,Cumbum,09-02-2017,Central,620.0,0.27,117.8,
OD8436,Aditi,Oil & Masala,Edible Oil & Ghee,Trichy,10/21/2018,Central,1593.0,,,Tamil Nadu
,Jackson,Bakery,Biscuits,,12/21/2018,Central,,0.26,648.2,Tamil Nadu
,Sharon,Beverages,,Virudhunagar,3/13/2018,Central,1589.0,0.32,238.35,Tamil Nadu
OD8460,,,Biscuits,Chennai,,Central,933.0,0.35,214.59,Tamil Nadu
OD8461,Ridhesh,Snacks,,Perambalur,11/16/2016,Central,,0.33,,Tamil Nadu
OD8462,,Fruits & Veggies,,Salem,11/16/2016,Central,1988.0,0.13,497.0,Tamil Nadu
OD8464,Sharon,Snacks,Cookies,Salem,11/16/2016,Central,1136.0,0.13,,Tamil Nadu
,Muneer,Beverages,Soft Drinks,Ramanadhapuram,,Central,,0.17,675.18,
OD8466,Willams,"Eggs, Meat & Fish",Fish,,06-12-2017,Central,2034.0,0.32,488.16,Tamil Nadu
OD8468,Sharon,,Cookies,Trichy,,Central,955.0,0.3,334.25,Tamil Nadu
OD8472,Ramesh,Food Grains,Rice,Chennai,06-12-2017,Central,1678.0,0.23,453.06,Tamil Nadu
OD8473,,Food Grains,,Tenkasi,,Central,916.0,0.17,100.76,Tamil Nadu
OD8475,Hafiz,Food Grains,Organic Staples,Virudhunagar,11/29/2017,Central,2375.0,,546.25,
OD8476,Arutra,"Eggs, Meat & Fish",Eggs,Coimbatore,,Central,1146.0,,481.32,Tamil Nadu
OD8477,Komal,Fruits & Veggies,Organic Vegetables,,,Central,1274.0,0.14,356.72,Tamil Nadu
OD8478,Roshan,Food Grains,Dals & Pulses,Tenkasi,03-04-2018,Central,502.0,0.34,50.2,Tamil Nadu
OD8522,Ridhesh,,Breads & Buns,Madurai,6/22/2018,Central,,0.27,298.88,Tamil Nadu
,Muneer,,,Ramanadhapuram,09-07-2015,Central,858.0,0.1,188.76,Tamil Nadu
OD8524,Ravi,,,,,Central,2161.0,,756.35,Tamil Nadu
OD8525,,Beverages,Soft Drinks,Nagercoil,11/26/2018,Central,2126.0,0.32,595.28,Tamil Nadu
OD8526,Jackson,"Eggs, Meat & Fish",Eggs,Salem,09-12-2015,Central,,0.24,145.3,Tamil Nadu
OD8527,Krithika,Beverages,Health Drinks,Vellore,4/22/2017,Central,803.0,0.28,273.02,Tamil Nadu
,Hafiz,Fruits & Veggies,Organic Fruits,Dindigul,6/14/2015,Central,563.0,0.33,168.9,
OD8530,Veronica,"Eggs, Meat & Fish",,Tenkasi,11-10-2016,Central,2124.0,0.14,892.08,
,Mathew,Beverages,Health Drinks,,,Central,2079.0,0.27,353.43,Tamil Nadu
OD8532,Peer,,,,06-09-2017,Central,1880.0,0.11,,Tamil Nadu
OD8533,Alan,Fruits & Veggies,Organic Fruits,Karur,,Central,621.0,0.26,223.56,Tamil Nadu
,Ramesh,,Soft Drinks,Bodi,11/17/2015,Central,,0.33,670.8,Tamil Nadu
,Malik,"Eggs, Meat & Fish",Chicken,Perambalur,07-09-2018,Central,1075.0,,451.5,Tamil Nadu
OD8538,Jonas,Oil & Masala,Edible Oil & Ghee,Perambalur,5/30/2017,Central,,0.25,253.92,Tamil Nadu
,Arutra,Snacks,Noodles,Pudukottai,09-07-2015,Central,1567.0,0.31,,
OD8540,Sudeep,Oil & Masala,Masalas,Virudhunagar,,Central,2215.0,0.2,110.75,Tamil Nadu
OD8541,Rumaiza,Beverages,Soft Drinks,Perambalur,9/24/2016,Central,583.0,0.32,134.09,Tamil Nadu
,Vidya,Fruits & Veggies,Organic Vegetables,Coimbatore,7/20/2015,Central,823.0,0.34,189.29,Tamil Nadu
OD8543,Amy,,Masalas,Virudhunagar,,Central,2014.0,0.1,543.78,Tamil Nadu
OD8544,Verma,"Eggs, Meat & Fish",Eggs,Cumbum,12/26/2016,Central,,0.3,409.92,Tamil Nadu
OD8545,Surya,Oil & Masala,Edible Oil & Ghee,Dharmapuri,,Central,895.0,,116.35,Tamil Nadu
OD8546,Rumaiza,,Spices,Chennai,,Central,506.0,0.21,96.14,Tamil Nadu
OD8548,Arvind,Beverages,Health Drinks,,8/17/2018,Central,2228.0,0.23,668.4,Tamil Nadu
OD8550,Esther,Fruits & Veggies,Fresh Fruits,,9/13/2015,Central,1056.0,0.15,359.04,Tamil Nadu
OD8551,Mathew,Oil & Masala,,Perambalur,11/18/2017,Central,727.0,0.17,232.64,
OD8553,Vince,"Eggs, Meat & Fish",Fish,,9/25/2015,Central,1552.0,0.28,,Tamil Nadu
OD8555,Muneer,Snacks,Cookies,Ooty,12/14/2018,Central,1667.0,0.28,433.42,Tamil Nadu
OD8556,Kumar,Snacks,Noodles,Krishnagiri,,Central,861.0,0.34,198.03,Tamil Nadu
OD8557,,Snacks,Chocolates,Vellore,,Central,784.0,0.13,156.8,Tamil Nadu
OD8558,Muneer,Food Grains,Dals & Pulses,Nagercoil,8/17/2018,Central,2362.0,0.3,,Tamil Nadu
OD8559,,Snacks,Chocolates,,09-03-2017,Central,,0.12,450.1,Tamil Nadu
OD8560,Akash,Food Grains,Atta & Flour,Theni,12/29/2015,Central,737.0,0.18,147.4,Tamil Nadu
OD8561,Sharon,Beverages,Health Drinks,Theni,4/30/2017,Central,1425.0,0.32,541.5,Tamil Nadu
,Alan,Food Grains,Organic Staples,,8/23/2017,Central,1565.0,0.31,532.1,Tamil Nadu
OD8564,Willams,Oil & Masala,,Tirunelveli,7/20/2015,Central,2074.0,0.17,642.94,Tamil Nadu
OD8565,Anu,Beverages,,Kanyakumari,7/28/2017,Central,794.0,,262.02,Tamil Nadu
OD8706,Veronica,Oil & Masala,Edible Oil & Ghee,Krishnagiri,4/14/2018,Central,2109.0,0.27,463.98,Tamil Nadu
OD8707,Yadav,,Cookies,Bodi,01-01-2018,Central,2045.0,,,Tamil Nadu
OD8710,Suresh,"Eggs, Meat & Fish",,Kanyakumari,,Central,2452.0,0.28,122.6,Tamil Nadu
OD8711,Sabeela,Oil & Masala,Edible Oil & Ghee,Virudhunagar,11-05-2018,Central,1069.0,0.2,406.22,Tamil Nadu
OD8712,Rumaiza,Fruits & Veggies,Fresh Fruits,Cumbum,,Central,1950.0,,663.0,Tamil Nadu
OD8713,Verma,,Organic Vegetables,Chennai,8/26/2018,Central,938.0,0.32,168.84,Tamil Nadu
OD8715,Ramesh,Snacks,Noodles,Dindigul,,Central,,0.22,198.0,Tamil Nadu
OD8716,Kumar,,Eggs,Coimbatore,9/29/2017,Central,1670.0,0.27,517.7,Tamil Nadu
OD8718,Esther,Fruits & Veggies,Fresh Fruits,,11-05-2018,Central,957.0,0.25,114.84,Tamil Nadu
OD8720,Amy,Oil & Masala,,,3/14/2015,Central,2331.0,,745.92,Tamil Nadu
OD8721,Vidya,,,Tenkasi,3/19/2016,Central,897.0,0.19,80.73,Tamil Nadu
,Krithika,Beverages,Health Drinks,,09-07-2015,Central,1293.0,0.2,155.16,Tamil Nadu
OD8723,Amy,,Cookies,Nagercoil,,Central,1073.0,0.21,300.44,Tamil Nadu
OD8724,Sundar,,Health Drinks,Bodi,6/13/2018,Central,,,779.6,Tamil Nadu
,Aditi,Food Grains,Organic Staples,Theni,3/30/2015,Central,845.0,0.14,270.4,Tamil Nadu
OD8726,Sharon,,Health Drinks,,,Central,2440.0,0.34,756.4,Tamil Nadu
OD8727,Aditi,Fruits & Veggies,Fresh Vegetables,Dindigul,2/17/2018,Central,1224.0,,367.2,Tamil Nadu
,Mathew,Oil & Masala,Edible Oil & Ghee,Karur,,Central,1375.0,0.27,398.75,Tamil Nadu
OD8730,Amrish,Snacks,Chocolates,Krishnagiri,07-02-2018,Central,,0.12,342.51,Tamil Nadu
,Shree,,Health Drinks,Krishnagiri,09-03-2015,Central,1062.0,0.17,329.22,Tamil Nadu
,Malik,"Eggs, Meat & Fish",Chicken,Bodi,7/13/2016,Central,1711.0,,444.86,Tamil Nadu
OD8837,Vidya,,Biscuits,Nagercoil,,Central,2090.0,0.34,856.9,Tamil Nadu
OD8838,Amrish,,Chocolates,Salem,,Central,524.0,0.25,,Tamil Nadu
,Vinne,,Rice,Tirunelveli,12-10-2018,Central,1478.0,0.27,517.3,Tamil Nadu
OD8841,,Snacks,Noodles,,6/26/2017,Central,1706.0,0.32,341.2,
OD8842,Vidya,Fruits & Veggies,Fresh Vegetables,Bodi,,Central,966.0,0.21,,Tamil Nadu
OD8843,Roshan,Food Grains,,Ramanadhapuram,3/13/2018,Central,1639.0,0.2,229.46,Tamil Nadu
,Ridhesh,Snacks,Noodles,Krishnagiri,,Central,1207.0,0.25,519.01,Tamil Nadu
OD8847,Veena,"Eggs, Meat & Fish",Chicken,Perambalur,,Central,1371.0,0.21,,Tamil Nadu
,Harish,,Chocolates,Coimbatore,11-04-2018,Central,1814.0,0.14,798.16,Tamil Nadu
OD8849,Roshan,,Fresh Fruits,Tenkasi,11-04-2018,Central,2150.0,0.15,709.5,
OD8850,,Beverages,Health Drinks,Cumbum,05-10-2016,Central,1512.0,0.27,665.28,Tamil Nadu
OD8901,,,Mutton,,12-11-2018,Central,2082.0,0.24,666.24,Tamil Nadu
,Ramesh,,Dals & Pulses,,5/25/2016,Central,848.0,0.1,313.76,Tamil Nadu
OD8904,,Oil & Masala,Edible Oil & Ghee,Trichy,04-09-2017,Central,1682.0,0.31,403.68,
OD8905,James,Food Grains,,Dindigul,06-03-2015,Central,1789.0,,,
,,Snacks,Noodles,Pudukottai,5/25/2016,Central,1316.0,,,Tamil Nadu
,Harish,Fruits & Veggies,,,,Central,2232.0,,,
OD8909,Kumar,Fruits & Veggies,,Pudukottai,11/25/2018,Central,505.0,0.33,126.25,
,,Oil & Masala,Edible Oil & Ghee,Salem,2/22/2016,Central,2037.0,0.26,488.88,Tamil Nadu
OD8911,Komal,Bakery,,Kanyakumari,11-06-2018,Central,1720.0,0.29,,Tamil Nadu
OD8912,Veronica,Snacks,,Viluppuram,9/14/2016,Central,,0.22,616.14,Tamil Nadu
OD8913,Sabeela,Bakery,Biscuits,,,Central,,,653.6,
OD8914,Willams,Beverages,Health Drinks,Bodi,5/18/2018,Central,,0.1,229.18,Tamil Nadu
OD8915,,Bakery,Biscuits,Pudukottai,5/18/2018,Central,1542.0,,262.14,Tamil Nadu
OD8916,Ram,Snacks,Chocolates,Dindigul,9/22/2018,Central,2236.0,0.19,804.96,Tamil Nadu
OD8918,Amrish,Bakery,Breads & Buns,Tirunelveli,,Central,,0.25,,Tamil Nadu
OD8919,Sudeep,Bakery,Cakes,Kanyakumari,,Central,1792.0,0.25,89.6,Tamil Nadu
OD8920,Alan,Fruits & Veggies,,Viluppuram,10/20/2015,Central,2475.0,0.35,,Tamil Nadu
,Roshan,"Eggs, Meat & Fish",Mutton,Trichy,10/20/2015,Central,1992.0,,517.92,Tamil Nadu
OD8924,Peer,,Organic Fruits,,03-04-2018,Central,2216.0,0.13,,Tamil Nadu
OD8925,Ganesh,Oil & Masala,Edible Oil & Ghee,Ramanadhapuram,,Central,870.0,0.25,43.5,Tamil Nadu
,Sabeela,Bakery,,,02-03-2018,Central,2139.0,0.14,128.34,Tamil Nadu
OD8929,Jonas,Snacks,Noodles,,,Central,1276.0,,484.88,Tamil Nadu
OD8930,Arutra,Beverages,Soft Drinks,Tirunelveli,,Central,1364.0,0.15,531.96,Tamil Nadu
,Shree,Fruits & Veggies,,Tirunelveli,3/29/2017,Central,1956.0,,430.32,Tamil Nadu
,Ravi,Bakery,Cakes,Namakkal,06-12-2017,Central,2417.0,0.26,652.59,Tamil Nadu
OD8934,Ganesh,Snacks,Cookies,Perambalur,10/20/2015,Central,1985.0,0.21,833.7,
OD8935,Ramesh,Fruits & Veggies,,Virudhunagar,5/13/2016,Central,2100.0,,483.0,Tamil Nadu
,Amrish,Beverages,Health Drinks,Bodi,06-12-2017,Central,,,552.92,Tamil Nadu
OD8939,,Food Grains,Dals & Pulses,Cumbum,12-08-2016,Central,1203.0,,,
OD8940,Arvind,Beverages,Soft Drinks,Trichy,10/20/2015,Central,1863.0,,279.45,Tamil Nadu
OD8941,Suresh,,,,06-12-2017,Central,1508.0,0.11,316.68,Tamil Nadu
OD8943,Veena,,,,,Central,669.0,0.31,107.04,Tamil Nadu
OD8944,Sharon,Snacks,Noodles,Ooty,9/17/2018,Central,541.0,0.24,75.74,
OD8946,Krithika,"Eggs, Meat & Fish",Fish,Trichy,,Central,2479.0,0.32,347.06,
,Ridhesh,Oil & Masala,Edible Oil & Ghee,Madurai,03-02-2016,Central,1947.0,0.16,447.81,Tamil Nadu
OD9066,Anu,Food Grains,Dals & Pulses,Ramanadhapuram,12/28/2018,Central,,0.16,213.45,Tamil Nadu
OD9067,,Fruits & Veggies,,Chennai,07-01-2018,Central,1953.0,0.19,468.72,Tamil Nadu
,Akash,Beverages,,Tenkasi,,Central,,0.15,403.85,Tamil Nadu
OD9073,Malik,Fruits & Veggies,Fresh Vegetables,Chennai,12-01-2016,Central,,,589.68,Tamil Nadu
OD9074,Yadav,Beverages,Soft Drinks,,2/20/2018,Central,956.0,0.13,152.96,Tamil Nadu
OD9075,Roshan,Beverages,,,,Central,1868.0,0.3,354.92,Tamil Nadu
OD9079,Amy,Snacks,,Nagercoil,1/14/2018,Central,1649.0,0.12,478.21,Tamil Nadu
OD9080,Jackson,Snacks,Cookies,Virudhunagar,7/28/2017,Central,693.0,0.32,166.32,Tamil Nadu
OD9081,Anu,Fruits & Veggies,Organic Fruits,Dindigul,12-01-2016,Central,,0.34,196.95,
OD9082,Arutra,,Cakes,,,Central,,0.32,253.2,Tamil Nadu
,Shree,Snacks,,Perambalur,1/14/2018,Central,2167.0,,736.78,Tamil Nadu
,,Snacks,Noodles,,2/20/2018,Central,1891.0,0.23,567.3,Tamil Nadu
OD9089,,Oil & Masala,,Theni,10/15/2017,Central,1259.0,0.35,151.08,Tamil Nadu
OD9090,Akash,,Edible Oil & Ghee,,5/30/2017,Central,1354.0,0.11,135.4,Tamil Nadu
,Ganesh,Food Grains,Rice,Ramanadhapuram,09-05-2017,Central,,0.31,,
OD9092,Sheeba,"Eggs, Meat & Fish",Fish,Coimbatore,08-10-2016,Central,1652.0,0.19,,Tamil Nadu
,,Bakery,Cakes,Pudukottai,11-10-2016,Central,736.0,,95.68,Tamil Nadu
OD9094,Ravi,,,Vellore,09-07-2018,Central,,0.15,203.32,Tamil Nadu
OD9096,Esther,Snacks,,Dharmapuri,,Central,801.0,0.25,64.08,
OD9097,,Oil & Masala,Spices,Chennai,,Central,2138.0,0.19,598.64,Tamil Nadu
OD9098,Ravi,"Eggs, Meat & Fish",Eggs,Dharmapuri,8/23/2017,Central,1311.0,0.27,367.08,Tamil Nadu
OD9099,Jackson,,Noodles,Bodi,04-06-2018,Central,1815.0,0.31,127.05,
OD9100,Haseena,Bakery,Cakes,,12-01-2016,Central,2396.0,0.2,,Tamil Nadu
,Amrish,Food Grains,,,11-10-2016,Central,2266.0,0.32,589.16,Tamil Nadu
OD9102,,Beverages,Soft Drinks,Karur,09-12-2015,Central,,0.18,273.92,Tamil Nadu
OD9103,,Bakery,Cakes,Perambalur,8/28/2018,Central,,0.17,,Tamil Nadu
OD9104,,Bakery,Breads & Buns,Karur,10/22/2018,Central,1383.0,,221.28,Tamil Nadu
OD9105,Sudeep,Snacks,Cookies,Krishnagiri,12/22/2016,Central,1769.0,0.33,495.32,Tamil Nadu
OD9106,,Beverages,Health Drinks,,11/16/2015,Central,2493.0,0.11,448.74,Tamil Nadu
OD9107,,,Fish,Viluppuram,9/24/2016,Central,1699.0,,169.9,
,Adavan,"Eggs, Meat & Fish",,Ooty,1/21/2018,Central,,0.3,314.96,
OD9109,Sudha,Oil & Masala,Spices,Dindigul,,Central,1858.0,0.24,,
OD9110,Hussain,Beverages,Health Drinks,Vellore,08-10-2016,Central,821.0,0.27,65.68,Tamil Nadu
OD9111,,"Eggs, Meat & Fish",Eggs,Salem,8/23/2017,Central,2191.0,0.34,328.65,Tamil Nadu
,,,Cookies,Dharmapuri,12/17/2018,Central,,0.18,71.16,Tamil Nadu
,Sundar,,Mutton,Ramanadhapuram,07-01-2018,Central,1438.0,,647.1,Tamil Nadu
OD9114,Sheeba,"Eggs, Meat & Fish",Fish,Pudukottai,07-01-2018,Central,2225.0,0.28,534.0,Tamil Nadu
OD9115,Esther,Fruits & Veggies,Organic Vegetables,Tenkasi,,Central,959.0,0.32,249.34,Tamil Nadu
OD9117,Esther,Food Grains,Organic Staples,Nagercoil,8/28/2018,Central,2109.0,,421.8,Tamil Nadu
OD9118,Amrish,Food Grains,Rice,,,Central,980.0,0.16,294.0,Tamil Nadu
,Haseena,Oil & Masala,Edible Oil & Ghee,Karur,1/21/2018,Central,1842.0,0.25,515.76,
OD9122,,Beverages,Soft Drinks,Pudukottai,07-05-2016,Central,1087.0,,250.01,Tamil Nadu
OD9123,Sudeep,Oil & Masala,Edible Oil & Ghee,Madurai,08-02-2015,Central,746.0,0.2,,Tamil Nadu
,Peer,Snacks,Chocolates,Trichy,12/28/2018,Central,1250.0,0.13,525.0,Tamil Nadu
OD9125,Yadav,Fruits & Veggies,Organic Vegetables,,11/16/2015,Central,2421.0,0.25,702.09,Tamil Nadu
,Akash,Fruits & Veggies,,Dindigul,4/17/2017,Central,2147.0,0.27,880.27,Tamil Nadu
OD9128,,Food Grains,Dals & Pulses,Namakkal,11-05-2017,Central,1230.0,0.29,455.1,Tamil Nadu
OD9130,Veena,"Eggs, Meat & Fish",,Bodi,11/16/2015,Central,1497.0,0.31,464.07,Tamil Nadu
OD9131,Kumar,Snacks,Noodles,,,Central,2013.0,0.21,161.04,Tamil Nadu
OD9132,Rumaiza,,Soft Drinks,Kanyakumari,03-02-2016,Central,786.0,0.25,275.1,Tamil Nadu
OD9133,James,"Eggs, Meat & Fish",Mutton,Kanyakumari,10/15/2017,Central,2344.0,0.2,,Tamil Nadu
OD9135,Malik,Fruits & Veggies,Organic Vegetables,Theni,5/30/2017,Central,2312.0,,531.76,Tamil Nadu
,Vince,Oil & Masala,Spices,,08-11-2017,Central,631.0,0.25,164.06,Tamil Nadu
OD9137,Hafiz,Food Grains,Atta & Flour,,7/28/2017,Central,1319.0,0.33,290.18,Tamil Nadu
OD9138,Surya,"Eggs, Meat & Fish",Eggs,Namakkal,10/15/2017,Central,2000.0,0.16,380.0,Tamil Nadu
OD9139,Hussain,Food Grains,,,5/30/2017,Central,1134.0,0.23,192.78,Tamil Nadu
,,,Noodles,Namakkal,2/22/2017,Central,1587.0,,174.57,Tamil Nadu
,Verma,Food Grains,Atta & Flour,Dharmapuri,08-08-2015,Central,737.0,0.2,331.65,
OD9142,Hafiz,"Eggs, Meat & Fish",Mutton,Karur,10/15/2016,Central,,,316.05,Tamil Nadu
OD9143,Akash,,,Ramanadhapuram,7/25/2017,Central,1544.0,0.31,216.16,Tamil Nadu
OD9144,Jonas,Snacks,Noodles,,,Central,1860.0,0.11,837.0,
OD9145,Vince,"Eggs, Meat & Fish",Eggs,Kanyakumari,05-11-2018,Central,2065.0,0.15,206.5,Tamil Nadu
OD9146,Mathew,Snacks,Chocolates,Theni,10/31/2018,Central,585.0,,257.4,Tamil Nadu
OD9148,Yusuf,Bakery,Biscuits,,11-12-2018,Central,2254.0,0.35,495.88,Tamil Nadu
OD9149,,Fruits & Veggies,,Trichy,,Central,2049.0,0.11,860.58,Tamil Nadu
OD9151,,,Cakes,Namakkal,11-04-2018,Central,1194.0,0.29,202.98,Tamil Nadu
,,Bakery,Breads & Buns,Dindigul,11/23/2015,Central,706.0,,35.3,Tamil Nadu
OD9155,Shah,,Biscuits,Viluppuram,05-11-2018,Central,889.0,0.12,302.26,Tamil Nadu
OD9156,,Fruits & Veggies,Fresh Fruits,Coimbatore,,Central,,0.12,679.98,Tamil Nadu
OD9158,,Beverages,,Tirunelveli,11/18/2017,Central,510.0,0.31,117.3,
OD9159,Mathew,Oil & Masala,Edible Oil & Ghee,Coimbatore,4/22/2017,Central,1843.0,0.32,737.2,Tamil Nadu
OD9160,,Oil & Masala,Spices,,05-11-2018,Central,1159.0,0.2,,Tamil Nadu
,Kumar,Oil & Masala,Edible Oil & Ghee,Karur,8/17/2018,Central,1160.0,0.31,162.4,Tamil Nadu
OD9163,Arutra,Bakery,Cakes,,05-06-2018,Central,1951.0,0.15,370.69,
,Yadav,"Eggs, Meat & Fish",Fish,Bodi,,Central,1881.0,0.16,,Tamil Nadu
OD9166,Verma,Beverages,Soft Drinks,Bodi,,Central,1960.0,,725.2,Tamil Nadu
OD9170,,Beverages,Soft Drinks,Virudhunagar,3/17/2018,Central,,0.22,,Tamil Nadu
,,Snacks,,Madurai,07-12-2015,Central,2113.0,0.28,253.56,
OD9172,Ravi,Fruits & Veggies,Fresh Vegetables,Viluppuram,12/27/2016,Central,2391.0,0.19,358.65,Tamil Nadu
OD9173,Mathew,Oil & Masala,Masalas,Theni,4/18/2017,Central,,0.26,,Tamil Nadu
OD9175,Akash,Fruits & Veggies,Fresh Fruits,Trichy,,Central,876.0,,254.04,Tamil Nadu
,Komal,Beverages,Health Drinks,Pudukottai,8/31/2016,Central,865.0,0.21,328.7,Tamil Nadu
OD9178,,Bakery,Cakes,,,Central,585.0,0.28,87.75,Tamil Nadu
OD9179,Harish,"Eggs, Meat & Fish",Mutton,Trichy,6/19/2016,Central,2394.0,0.21,742.14,Tamil Nadu
,,Fruits & Veggies,Organic Fruits,Tenkasi,,Central,,0.3,271.44,
OD9182,James,Fruits & Veggies,,Theni,07-12-2015,Central,,0.33,668.36,Tamil Nadu
,Veronica,"Eggs, Meat & Fish",,Coimbatore,09-05-2017,Central,,,185.4,Tamil Nadu
OD9186,Peer,Fruits & Veggies,Organic Fruits,Trichy,09-07-2018,Central,1749.0,0.32,542.19,
OD9188,Roshan,Beverages,Health Drinks,,,Central,908.0,,108.96,Tamil Nadu
OD9189,Esther,Oil & Masala,Masalas,Dharmapuri,10/14/2018,Central,2352.0,0.19,,Tamil Nadu
,,Bakery,,Karur,,Central,1710.0,0.29,444.6,Tamil Nadu
,,Beverages,,Tenkasi,6/19/2016,Central,679.0,,,Tamil Nadu
OD9192,,Bakery,Cakes,Vellore,9/25/2015,Central,,0.24,429.3,
OD9194,Surya,,Breads & Buns,Namakkal,09-10-2018,Central,1845.0,0.24,424.35,Tamil Nadu
OD9195,Suresh,,,Dharmapuri,6/19/2018,Central,1032.0,0.15,258.0,Tamil Nadu
OD9196,,,Rice,Salem,2/23/2015,Central,1120.0,0.35,,Tamil Nadu
,Harish,,,Cumbum,09-05-2016,Central,,0.33,368.4,Tamil Nadu
OD9198,Ridhesh,Oil & Masala,Edible Oil & Ghee,Dharmapuri,7/30/2017,Central,1547.0,0.19,603.33,Tamil Nadu
,Roshan,"Eggs, Meat & Fish",Chicken,Krishnagiri,04-11-2018,Central,1785.0,0.27,,Tamil Nadu
OD9200,,Food Grains,Organic Staples,Namakkal,8/17/2018,Central,736.0,0.34,,
OD9201,Ridhesh,Bakery,Cakes,Chennai,7/23/2017,Central,992.0,0.26,376.96,Tamil Nadu
OD9202,,Fruits & Veggies,,Pudukottai,10/24/2016,Central,2342.0,,117.1,Tamil Nadu
OD9203,Kumar,Snacks,,Perambalur,,Central,666.0,0.17,,Tamil Nadu
,Yusuf,Snacks,Chocolates,,11-12-2018,Central,572.0,,217.36,Tamil Nadu
OD9205,Rumaiza,Food Grains,Atta & Flour,,09-05-2016,Central,1604.0,0.13,160.4,Tamil Nadu
OD9206,Kumar,"Eggs, Meat & Fish",,Kanyakumari,10/18/2016,Central,1002.0,0.32,370.74,Tamil Nadu
OD9207,,"Eggs, Meat & Fish",Mutton,,3/17/2018,Central,1841.0,0.12,294.56,
,Ganesh,Food Grains,Atta & Flour,,,Central,1322.0,0.28,251.18,Tamil Nadu
OD9209,Peer,Fruits & Veggies,Organic Vegetables,Kanyakumari,4/30/2018,Central,706.0,0.34,183.56,Tamil Nadu
OD9210,Ramesh,Fruits & Veggies,Fresh Fruits,Chennai,05-11-2015,Central,,0.2,227.85,Tamil Nadu
OD9211,,"Eggs, Meat & Fish",,Tenkasi,10/14/2018,Central,2220.0,0.14,999.0,Tamil Nadu
OD9212,Muneer,Beverages,Soft Drinks,,9/30/2018,Central,1880.0,,282.0,Tamil Nadu
,Veronica,Snacks,Cookies,Pudukottai,10/15/2016,Central,1927.0,0.33,192.7,Tamil Nadu
OD9685,Yadav,"Eggs, Meat & Fish",Mutton,Karur,8/20/2017,Central,941.0,,395.22,Tamil Nadu
OD9686,Komal,Snacks,Chocolates,Tenkasi,,Central,2122.0,,721.48,Tamil Nadu
OD9687,Ravi,Oil & Masala,,Pudukottai,9/24/2016,Central,,0.33,106.4,Tamil Nadu
OD9688,Aditi,Beverages,Soft Drinks,Dharmapuri,12/20/2016,Central,2069.0,0.25,310.35,
OD9689,Alan,,Edible Oil & Ghee,Madurai,6/13/2018,Central,523.0,0.27,172.59,
OD9690,,Snacks,,,09-07-2015,Central,2428.0,0.26,728.4,Tamil Nadu
OD9691,,,Fresh Fruits,Pudukottai,09-07-2015,Central,610.0,0.26,,Tamil Nadu
OD9692,Shah,Snacks,,,2/17/2018,Central,,0.33,,Tamil Nadu
OD9694,Sabeela,,Edible Oil & Ghee,Salem,3/14/2015,Central,,0.15,675.96,Tamil Nadu
,Willams,Oil & Masala,,,,Central,1272.0,0.12,419.76,
OD9742,,Fruits & Veggies,Organic Fruits,Karur,3/13/2018,Central,1382.0,0.19,428.42,Tamil Nadu
OD9763,Komal,Snacks,Noodles,Perambalur,12-06-2016,Central,1890.0,0.11,756.0,
,Surya,Food Grains,Organic Staples,Cumbum,10/30/2016,Central,2071.0,,207.1,Tamil Nadu
OD9765,Shah,Bakery,Biscuits,Dindigul,04-09-2017,Central,687.0,0.2,130.53,Tamil Nadu
OD9766,Adavan,Oil & Masala,Spices,,6/13/2017,Central,1752.0,0.16,297.84,Tamil Nadu
OD9767,Aditi,Food Grains,Atta & Flour,Theni,,Central,1052.0,0.16,294.56,Tamil Nadu
OD9769,Ram,Beverages,Health Drinks,Tenkasi,,Central,2433.0,0.18,,Tamil Nadu
,Ramesh,,Chicken,Vellore,6/26/2017,Central,2308.0,0.26,669.32,Tamil Nadu
OD9771,Adavan,,Breads & Buns,,10/27/2018,Central,1029.0,,,Tamil Nadu
OD9772,Verma,Bakery,Cakes,Trichy,5/13/2016,Central,,0.24,339.12,Tamil Nadu
OD9773,,Fruits & Veggies,Fresh Vegetables,Namakkal,6/30/2018,Central,2463.0,0.31,,Tamil Nadu
OD9774,Veronica,,Fresh Fruits,Karur,4/24/2017,Central,1310.0,0.26,510.9,Tamil Nadu
OD9775,Ridhesh,Snacks,Chocolates,Vellore,10/20/2015,Central,1727.0,0.12,,
,Esther,"Eggs, Meat & Fish",,Salem,,Central,1684.0,,690.44,
OD9779,Sudeep,Snacks,Chocolates,Ramanadhapuram,12-08-2016,Central,1983.0,,237.96,
OD9780,Verma,Food Grains,Organic Staples,Ramanadhapuram,9/17/2018,Central,,0.29,,Tamil Nadu
,Shree,Beverages,,,12/21/2016,Central,1660.0,0.11,,
,Komal,,Cookies,Karur,3/29/2017,Central,,,1102.5,
OD9784,Ganesh,Food Grains,Rice,Salem,12/21/2016,Central,2193.0,0.35,131.58,Tamil Nadu
OD9824,Ganesh,Oil & Masala,Spices,Tenkasi,,Central,1354.0,0.3,94.78,Tamil Nadu
,,"Eggs, Meat & Fish",Eggs,,11-10-2016,Central,,,,Tamil Nadu
OD9826,Ram,Snacks,Chocolates,,1/21/2018,Central,,0.27,215.3,Tamil Nadu
OD9827,Sheeba,Bakery,,Kanyakumari,,Central,2141.0,0.11,578.07,
OD9828,Shree,Food Grains,Rice,Kanyakumari,,Central,1211.0,0.1,,Tamil Nadu
OD9829,Arutra,Fruits & Veggies,Fresh Vegetables,Bodi,,Central,1227.0,,355.83,Tamil Nadu
OD9830,Ridhesh,Bakery,Breads & Buns,Nagercoil,8/23/2017,Central,1164.0,,162.96,Tamil Nadu
OD9831,Kumar,"Eggs, Meat & Fish",Mutton,Nagercoil,11/26/2018,Central,989.0,0.12,405.49,Tamil Nadu
OD9832,,,,Chennai,11/16/2015,Central,1356.0,0.33,488.16,Tamil Nadu
,Shah,Bakery,,Salem,8/29/2016,Central,,0.24,430.02,Tamil Nadu
OD9834,Yadav,,Organic Vegetables,Ramanadhapuram,08-08-2015,Central,,0.28,198.6,
OD9835,,"Eggs, Meat & Fish",,Viluppuram,6/29/2016,Central,584.0,0.33,29.2,Tamil Nadu
OD9837,Ramesh,Beverages,Soft Drinks,Chennai,1/14/2018,Central,1927.0,0.2,308.32,Tamil Nadu
OD9838,Komal,,Masalas,Karur,1/14/2018,Central,1991.0,0.31,,
OD9839,Vinne,Bakery,,Namakkal,,Central,,0.3,119.49,Tamil Nadu
OD9840,,,Organic Staples,Perambalur,11/26/2018,Central,,0.29,145.56,Tamil Nadu
OD9841,Krithika,Beverages,Health Drinks,Ramanadhapuram,,Central,633.0,0.35,253.2,
,Surya,Food Grains,Atta & Flour,Viluppuram,1/21/2018,Central,,0.19,83.88,Tamil Nadu
OD9843,Rumaiza,Oil & Masala,Masalas,Coimbatore,,Central,776.0,0.3,194.0,Tamil Nadu
OD9845,Surya,,Organic Fruits,,1/21/2018,Central,1028.0,0.23,339.24,Tamil Nadu
OD9846,Veronica,"Eggs, Meat & Fish",,Pudukottai,2/17/2018,Central,951.0,,152.16,Tamil Nadu
OD9847,Ramesh,,,Madurai,,Central,1480.0,,118.4,Tamil Nadu
OD9848,Kumar,Snacks,Chocolates,,,Central,698.0,,139.6,Tamil Nadu
OD9849,Ganesh,Snacks,,Kanyakumari,,Central,1377.0,0.16,261.63,Tamil Nadu
OD9850,Ridhesh,Bakery,Breads & Buns,Krishnagiri,11-12-2018,Central,898.0,0.3,404.1,Tamil Nadu
OD9851,Suresh,"Eggs, Meat & Fish",Fish,Karur,12/14/2018,Central,2048.0,0.28,593.92,
OD9852,Sundar,,Health Drinks,,10-12-2018,Central,2500.0,0.25,,Tamil Nadu
OD9853,Arvind,Snacks,Noodles,Kanyakumari,10/18/2016,Central,870.0,0.29,374.1,Tamil Nadu
OD9854,Arvind,,Organic Fruits,,,Central,860.0,,215.0,Tamil Nadu
OD9855,Kumar,Snacks,Noodles,Viluppuram,,Central,1292.0,0.34,348.84,Tamil Nadu
OD9856,James,,Organic Fruits,,,Central,1168.0,0.19,,Tamil Nadu
OD9857,Yusuf,Oil & Masala,Masalas,Pudukottai,03-08-2017,Central,2322.0,0.1,348.3,Tamil Nadu
OD9859,Shree,Food Grains,Rice,Perambalur,,Central,1448.0,0.15,,Tamil Nadu
OD9860,Hussain,,Organic Staples,,10-12-2018,Central,1824.0,0.13,200.64,Tamil Nadu
