Order ID,Customer Name,Category,Sub Category,City,Order Date,Region,Sales,Discount,Profit,State
OD2,Sudha,Beverages,Health Drinks,Krishnagiri,11-08-2017,South,749.0,,149.8,Tamil Nadu
OD4,Jackson,Fruits & Veggies,Fresh Vegetables,Dharmapuri,10-11-2016,South,896.0,,,Tamil Nadu
OD5,,Food Grains,Organic Staples,,10-11-2016,South,2355.0,,918.45,Tamil Nadu
,,Oil & Masala,Masalas,Ooty,06-04-2017,South,1232.0,0.14,554.4,Tamil Nadu
OD73,Alan,Snacks,Cookies,Theni,,South,721.0,0.27,,Tamil Nadu
OD74,,Fruits & Veggies,Organic Vegetables,,4/26/2016,South,2375.0,0.21,475.0,Tamil Nadu
,Arvind,,Soft Drinks,Vellore,4/26/2016,South,1965.0,0.13,117.9,
OD80,Veena,Fruits & Veggies,Organic Fruits,Chennai,06-12-2017,South,2303.0,0.26,621.81,
,Kumar,,Health Drinks,Kanyakumari,06-12-2017,South,2027.0,0.34,912.15,Tamil Nadu
,,Beverages,Soft Drinks,,09-03-2016,South,,0.11,682.66,Tamil Nadu
OD86,Willams,,Spices,Dindigul,5/28/2018,South,2129.0,0.25,659.99,Tamil Nadu
OD107,Sundar,,Health Drinks,Cumbum,11/23/2018,South,540.0,,108.0,Tamil Nadu
,Willams,Snacks,Cookies,Tirunelveli,11/23/2018,South,536.0,0.34,176.88,Tamil Nadu
OD109,Vidya,"Eggs, Meat & Fish",Eggs,Tirunelveli,11/23/2018,South,556.0,,155.68,
OD119,,Food Grains,Rice,Chennai,04-05-2016,South,903.0,0.1,90.3,Tamil Nadu
OD183,Jonas,Oil & Masala,Edible Oil & Ghee,Madurai,11/19/2015,South,2177.0,0.35,783.72,
,,Food Grains,Organic Staples,Cumbum,11/19/2015,South,,0.19,236.98,Tamil Nadu
,Amrish,Food Grains,Dals & Pulses,Dindigul,,South,,0.28,195.5,
OD205,,Oil & Masala,Spices,,06-03-2018,South,1033.0,,,Tamil Nadu
,Sudha,Oil & Masala,Edible Oil & Ghee,,2/28/2016,South,1286.0,0.22,282.92,Tamil Nadu
OD230,Ramesh,Beverages,Health Drinks,Tenkasi,2/28/2016,South,1242.0,0.34,149.04,Tamil Nadu
OD231,Arvind,Bakery,,Krishnagiri,,South,,0.21,,Tamil Nadu
OD232,Komal,,Soft Drinks,,04-07-2018,South,1480.0,0.22,,Tamil Nadu
OD233,Komal,Food Grains,,Salem,04-07-2018,South,826.0,0.18,,
,,Snacks,Cookies,Ooty,04-07-2018,South,1846.0,0.22,276.9,
OD235,Mathew,Beverages,Soft Drinks,Viluppuram,04-07-2018,South,2045.0,0.12,552.15,Tamil Nadu
OD236,Vince,,Organic Fruits,Nagercoil,04-07-2018,South,1983.0,0.17,773.37,Tamil Nadu
OD267,Shah,"Eggs, Meat & Fish",Chicken,Perambalur,6/16/2018,South,,0.34,139.2,Tamil Nadu
OD287,Hafiz,Oil & Masala,Spices,Tirunelveli,12/18/2017,South,2460.0,0.15,738.0,
OD289,Suresh,Fruits & Veggies,Organic Fruits,,12/18/2017,South,1106.0,0.19,298.62,Tamil Nadu
OD309,Esther,Snacks,Cookies,Tenkasi,,South,590.0,0.27,200.6,
,Arutra,,Mutton,Krishnagiri,08-09-2015,South,1835.0,0.29,660.6,Tamil Nadu
OD316,,Snacks,Noodles,,,South,2281.0,,775.54,Tamil Nadu
OD326,Ravi,,,Krishnagiri,11-03-2018,South,1400.0,0.17,406.0,Tamil Nadu
,Sabeela,Fruits & Veggies,Organic Vegetables,Virudhunagar,4/23/2017,South,1062.0,0.35,435.42,Tamil Nadu
,,,,,03-08-2018,South,,0.13,528.31,Tamil Nadu
OD386,Sabeela,Fruits & Veggies,Organic Fruits,Ooty,11/27/2016,South,,0.1,265.65,Tamil Nadu
OD403,Willams,Bakery,Cakes,Tenkasi,12/24/2015,South,707.0,0.14,98.98,Tamil Nadu
OD404,Shree,Snacks,Cookies,Cumbum,4/16/2015,South,,0.24,314.64,Tamil Nadu
,Jackson,Food Grains,Dals & Pulses,Karur,,South,,,,Tamil Nadu
OD425,Veena,Bakery,Cakes,Karur,8/21/2018,South,540.0,0.27,162.0,Tamil Nadu
OD431,Harish,Fruits & Veggies,Fresh Fruits,Krishnagiri,,South,1367.0,0.29,355.42,Tamil Nadu
OD432,Yusuf,Food Grains,Organic Staples,Coimbatore,4/15/2017,South,833.0,,233.24,Tamil Nadu
OD433,Esther,Beverages,Soft Drinks,Madurai,4/15/2017,South,1987.0,0.34,,Tamil Nadu
OD435,Rumaiza,Snacks,Noodles,Chennai,12/19/2015,South,1362.0,0.12,517.56,
OD436,Haseena,Snacks,Cookies,Kanyakumari,12/19/2015,South,942.0,0.15,122.46,Tamil Nadu
,Veronica,Beverages,,Pudukottai,3/18/2017,South,1373.0,0.17,247.14,
OD496,Ridhesh,,Soft Drinks,Krishnagiri,12/27/2016,South,,0.33,415.48,
OD508,Amrish,Snacks,,,3/16/2016,South,2061.0,0.31,865.62,Tamil Nadu
OD509,Kumar,Snacks,Noodles,Karur,,South,1791.0,0.31,519.39,Tamil Nadu
OD527,Sheeba,Bakery,Cakes,,10/21/2018,South,2236.0,0.27,178.88,
OD535,,Food Grains,Dals & Pulses,Tenkasi,5/29/2017,South,1416.0,0.25,396.48,Tamil Nadu
OD539,Surya,Food Grains,Rice,Theni,12-07-2016,South,2060.0,,412.0,
OD540,,Snacks,Chocolates,Salem,12-07-2016,South,,0.35,669.53,Tamil Nadu
OD553,Shree,Beverages,Soft Drinks,Tirunelveli,09-11-2018,South,2336.0,0.34,,Tamil Nadu
OD556,Yadav,"Eggs, Meat & Fish",Eggs,Pudukottai,03-03-2015,South,861.0,0.2,163.59,Tamil Nadu
,,Fruits & Veggies,Organic Fruits,,9/14/2015,South,1313.0,,525.2,Tamil Nadu
OD563,,Fruits & Veggies,Fresh Vegetables,Nagercoil,9/14/2015,South,1455.0,0.3,494.7,
OD587,,,Chocolates,Ramanadhapuram,07-03-2016,South,1479.0,0.29,,Tamil Nadu
OD588,,Oil & Masala,Spices,,,South,619.0,0.12,229.03,
OD603,Ravi,Oil & Masala,Spices,Perambalur,,South,2289.0,0.2,618.03,Tamil Nadu
OD604,Ram,Snacks,Noodles,Tirunelveli,3/15/2015,South,2110.0,0.3,590.8,Tamil Nadu
,Peer,Beverages,Health Drinks,Viluppuram,3/15/2015,South,1577.0,0.33,599.26,
OD606,James,Beverages,,Salem,3/15/2015,South,2092.0,0.17,920.48,Tamil Nadu
,Yusuf,Beverages,,Pudukottai,3/15/2015,South,2269.0,0.21,907.6,Tamil Nadu
OD634,Sudha,"Eggs, Meat & Fish",Eggs,Ooty,9/24/2018,South,,0.29,,Tamil Nadu
OD635,,"Eggs, Meat & Fish",Fish,,9/24/2018,South,,0.26,308.96,Tamil Nadu
OD636,,Bakery,Biscuits,Namakkal,10-04-2016,South,2151.0,0.27,215.1,Tamil Nadu
OD684,Suresh,Snacks,Chocolates,,,South,1709.0,0.28,615.24,Tamil Nadu
OD685,,,Noodles,Coimbatore,11-04-2018,South,,0.29,,Tamil Nadu
OD686,Amy,Oil & Masala,Spices,Trichy,07-05-2015,South,1130.0,0.34,,Tamil Nadu
OD687,Sudha,Oil & Masala,,Ramanadhapuram,07-05-2015,South,,0.19,144.0,Tamil Nadu
OD690,Yusuf,Food Grains,,Salem,,South,2427.0,0.28,461.13,Tamil Nadu
,Jonas,Food Grains,,Karur,6/21/2015,South,2231.0,0.23,379.27,Tamil Nadu
,,Food Grains,Dals & Pulses,Ooty,09-12-2015,South,506.0,0.22,,Tamil Nadu
OD712,,Snacks,Noodles,Krishnagiri,09-03-2018,South,,,,Tamil Nadu
,Kumar,Food Grains,Dals & Pulses,Perambalur,07-07-2017,South,1272.0,,63.6,
OD756,Muneer,Beverages,Soft Drinks,,,South,1655.0,,380.65,Tamil Nadu
,Krithika,Food Grains,Atta & Flour,,11-03-2018,South,,0.11,733.59,
OD764,Amrish,Beverages,,,1/13/2015,South,1401.0,0.31,,Tamil Nadu
OD765,Adavan,"Eggs, Meat & Fish",Chicken,Viluppuram,,South,1949.0,0.18,760.11,Tamil Nadu
OD766,Kumar,Beverages,Health Drinks,Vellore,1/13/2015,South,2239.0,0.1,985.16,Tamil Nadu
OD767,Arutra,Snacks,Noodles,Nagercoil,1/13/2015,South,1903.0,0.11,666.05,Tamil Nadu
OD768,Akash,,Atta & Flour,Namakkal,1/13/2015,South,1367.0,0.13,136.7,Tamil Nadu
OD769,Muneer,Food Grains,,Chennai,5/14/2015,South,1000.0,0.28,420.0,Tamil Nadu
OD786,Adavan,"Eggs, Meat & Fish",Chicken,Dindigul,5/23/2016,South,704.0,0.26,154.88,
,Sundar,Snacks,,Namakkal,6/26/2016,South,,0.24,,Tamil Nadu
OD792,Aditi,Bakery,Breads & Buns,,6/26/2016,South,1546.0,0.1,479.26,Tamil Nadu
OD793,Sudha,Fruits & Veggies,Fresh Fruits,,5/20/2017,South,2135.0,0.11,576.45,Tamil Nadu
OD804,Hafiz,Food Grains,Dals & Pulses,,03-12-2017,South,2375.0,,332.5,Tamil Nadu
OD830,Roshan,"Eggs, Meat & Fish",Chicken,Perambalur,6/16/2018,South,1712.0,0.32,,Tamil Nadu
OD831,,Beverages,Soft Drinks,Nagercoil,,South,,0.12,,Tamil Nadu
OD832,Alan,Snacks,Cookies,Pudukottai,6/16/2018,South,1095.0,0.13,339.45,Tamil Nadu
OD833,Verma,Beverages,,,6/16/2018,South,1950.0,0.17,682.5,Tamil Nadu
OD834,Harish,,Organic Staples,,7/23/2017,South,,0.12,251.26,Tamil Nadu
OD836,Esther,Beverages,,Virudhunagar,7/23/2017,South,1423.0,0.32,270.37,Tamil Nadu
OD838,Sudeep,Bakery,Breads & Buns,Pudukottai,11-04-2018,South,866.0,0.16,147.22,Tamil Nadu
OD847,Peer,Food Grains,Organic Staples,Virudhunagar,,South,652.0,,,Tamil Nadu
,Verma,Bakery,Cakes,,10/13/2016,South,2076.0,0.29,103.8,Tamil Nadu
OD853,,"Eggs, Meat & Fish",Eggs,Ooty,5/28/2017,South,2099.0,0.29,,
OD863,Shree,,Dals & Pulses,Dharmapuri,,South,1880.0,0.22,714.4,Tamil Nadu
,Jackson,"Eggs, Meat & Fish",Mutton,Tirunelveli,01-05-2017,South,,0.35,224.75,Tamil Nadu
OD865,,Food Grains,Atta & Flour,Ramanadhapuram,01-05-2017,South,1417.0,0.29,,Tamil Nadu
OD866,,,Chicken,Kanyakumari,,South,,0.27,191.88,
OD867,Arutra,"Eggs, Meat & Fish",Fish,Theni,01-10-2015,South,1330.0,0.31,119.7,Tamil Nadu
OD875,Rumaiza,,,,8/25/2018,South,,0.32,187.11,
,,Fruits & Veggies,Organic Vegetables,,10-09-2016,South,882.0,0.22,97.02,Tamil Nadu
OD921,Hussain,"Eggs, Meat & Fish",,Coimbatore,12-05-2015,South,845.0,,,Tamil Nadu
,Sharon,Snacks,Noodles,Karur,10-05-2016,South,938.0,0.13,300.16,Tamil Nadu
OD929,,Bakery,Biscuits,Chennai,10-05-2016,South,,0.19,425.4,Tamil Nadu
OD956,Vince,Fruits & Veggies,Organic Vegetables,Theni,11/30/2018,South,1011.0,0.22,161.76,Tamil Nadu
,Muneer,Beverages,Soft Drinks,Vellore,,South,,0.18,,Tamil Nadu
OD964,Veena,Oil & Masala,Edible Oil & Ghee,Viluppuram,9/22/2015,South,,0.23,158.22,Tamil Nadu
OD979,Willams,"Eggs, Meat & Fish",Mutton,Dharmapuri,,South,1074.0,0.18,118.14,Tamil Nadu
OD991,Rumaiza,Snacks,,Viluppuram,3/29/2016,South,1747.0,0.12,244.58,Tamil Nadu
OD996,Amrish,,Fresh Vegetables,Theni,,South,575.0,0.34,132.25,Tamil Nadu
,,Bakery,Breads & Buns,Perambalur,10/28/2016,South,,0.23,,Tamil Nadu
,Anu,,Masalas,Trichy,5/30/2018,South,900.0,0.17,405.0,Tamil Nadu
OD1079,Vinne,,Fresh Vegetables,,12-02-2018,South,2097.0,0.26,880.74,Tamil Nadu
,Shah,Bakery,,Perambalur,04-07-2015,South,589.0,0.25,170.81,Tamil Nadu
OD1081,Adavan,,Cakes,,11-05-2017,South,1069.0,0.2,288.63,Tamil Nadu
OD1083,Yadav,Food Grains,Atta & Flour,Tenkasi,12-05-2017,South,859.0,0.34,180.39,
OD1084,Ridhesh,Oil & Masala,Edible Oil & Ghee,,5/30/2018,South,2301.0,0.31,161.07,Tamil Nadu
,Sudeep,,Cookies,Dindigul,04-08-2017,South,1364.0,0.22,95.48,
OD1089,,,Fish,Salem,,South,2388.0,0.35,,Tamil Nadu
OD1093,Roshan,Oil & Masala,,,09-05-2015,South,2151.0,0.34,,Tamil Nadu
OD1096,Ridhesh,Food Grains,Rice,Viluppuram,12-10-2018,South,745.0,0.15,149.0,Tamil Nadu
,Amrish,,Rice,Coimbatore,12/25/2018,South,1850.0,,,Tamil Nadu
OD1098,Akash,Beverages,Soft Drinks,Perambalur,11-11-2018,South,1757.0,0.32,597.38,Tamil Nadu
OD1099,,"Eggs, Meat & Fish",Chicken,Ramanadhapuram,,South,,0.21,,
OD1187,Muneer,"Eggs, Meat & Fish",Fish,Perambalur,,South,2131.0,0.19,,Tamil Nadu
OD1188,Roshan,,Cakes,Trichy,07-06-2018,South,1941.0,0.34,718.17,Tamil Nadu
OD1189,Shree,,Biscuits,Salem,10/28/2017,South,,0.24,,
OD1191,,Snacks,Noodles,Chennai,10/28/2017,South,613.0,0.26,49.04,Tamil Nadu
OD1193,Arutra,Oil & Masala,Edible Oil & Ghee,,7/28/2015,South,1894.0,0.24,473.5,Tamil Nadu
OD1194,Veronica,Fruits & Veggies,Fresh Vegetables,Cumbum,,South,,0.1,,Tamil Nadu
OD1314,Aditi,Oil & Masala,Masalas,,12/29/2018,South,,0.31,493.62,Tamil Nadu
OD1315,Anu,,Health Drinks,Bodi,10/27/2017,South,1508.0,0.33,316.68,
OD1316,Anu,Snacks,Noodles,,09-06-2016,South,2041.0,0.23,,Tamil Nadu
,Ridhesh,Beverages,Health Drinks,Madurai,4/29/2015,South,1102.0,0.28,297.54,Tamil Nadu
OD1319,Anu,Bakery,Biscuits,Dindigul,08-06-2018,South,,0.21,255.68,Tamil Nadu
,Surya,Bakery,Biscuits,Chennai,12/29/2018,South,955.0,0.17,429.75,Tamil Nadu
,,Oil & Masala,Edible Oil & Ghee,,07-10-2018,South,,,,Tamil Nadu
,Yusuf,Oil & Masala,Edible Oil & Ghee,Karur,,South,526.0,0.23,152.54,Tamil Nadu
OD1324,Vinne,Snacks,Cookies,,12/23/2017,South,1158.0,0.34,463.2,
OD1325,,Beverages,Health Drinks,Bodi,11-03-2017,South,1021.0,0.33,357.35,Tamil Nadu
OD1326,Hussain,"Eggs, Meat & Fish",,Karur,12/25/2018,South,2444.0,,513.24,Tamil Nadu
OD1327,Kumar,Food Grains,Dals & Pulses,Coimbatore,11-03-2017,South,,0.23,165.6,Tamil Nadu
OD1328,Arvind,Oil & Masala,Masalas,,08-06-2018,South,1710.0,0.17,376.2,Tamil Nadu
,James,Food Grains,Rice,Kanyakumari,1/13/2015,South,,,,Tamil Nadu
OD1331,Ravi,Snacks,Noodles,Madurai,12/23/2017,South,1318.0,0.28,329.5,Tamil Nadu
OD1332,Hussain,"Eggs, Meat & Fish",,Namakkal,,South,,,,Tamil Nadu
OD1333,Yadav,Bakery,,,6/30/2017,South,951.0,0.2,,
OD1335,,Bakery,Cakes,Karur,,South,697.0,0.22,132.43,Tamil Nadu
OD1336,,,Health Drinks,Cumbum,12/29/2018,South,1161.0,,301.86,Tamil Nadu
OD1338,,Bakery,,Tirunelveli,12/23/2015,South,,0.13,778.05,Tamil Nadu
OD1339,Hussain,,Fresh Fruits,,8/15/2017,South,623.0,0.32,199.36,Tamil Nadu
,Roshan,Fruits & Veggies,Fresh Fruits,,8/23/2018,South,660.0,0.21,59.4,Tamil Nadu
OD1341,Anu,Fruits & Veggies,Organic Vegetables,Chennai,11-06-2018,South,2152.0,0.26,215.2,Tamil Nadu
,,Beverages,,Karur,7/27/2018,South,2255.0,0.19,473.55,Tamil Nadu
OD1343,Akash,,,Namakkal,,South,2312.0,0.26,,Tamil Nadu
,,,Health Drinks,Tenkasi,10/28/2018,South,717.0,0.26,301.14,Tamil Nadu
,Malik,Snacks,,Ooty,7/27/2018,South,2487.0,0.16,696.36,Tamil Nadu
OD1348,Vince,Bakery,,Ooty,,South,1541.0,,600.99,Tamil Nadu
,Shah,Snacks,Cookies,Pudukottai,9/18/2017,South,2207.0,0.23,132.42,Tamil Nadu
OD1709,,Bakery,Breads & Buns,Trichy,7/14/2017,South,1050.0,0.22,136.5,Tamil Nadu
OD1710,Ridhesh,"Eggs, Meat & Fish",Fish,Cumbum,07-03-2018,South,973.0,,379.47,Tamil Nadu
OD1711,,Fruits & Veggies,,Perambalur,6/27/2015,South,,,422.24,
,Haseena,Snacks,Cookies,Krishnagiri,7/26/2015,South,1660.0,0.14,730.4,
OD1713,,Snacks,,Perambalur,4/21/2016,South,993.0,0.25,287.97,
,Ramesh,"Eggs, Meat & Fish",Eggs,Virudhunagar,06-11-2016,South,2309.0,0.22,,Tamil Nadu
OD1715,Sharon,,Fresh Fruits,,,South,1959.0,0.11,313.44,
OD1717,Sudha,Fruits & Veggies,Fresh Fruits,Karur,7/21/2018,South,1438.0,0.1,359.5,Tamil Nadu
OD1718,,Beverages,Soft Drinks,Theni,1/20/2015,South,603.0,0.28,,
OD1719,Ram,Beverages,Health Drinks,,8/26/2017,South,995.0,0.25,338.3,Tamil Nadu
,Shree,Bakery,Breads & Buns,Chennai,9/13/2016,South,1054.0,,179.18,Tamil Nadu
OD1723,,Oil & Masala,Masalas,,4/21/2016,South,758.0,,189.5,
OD1724,Roshan,Oil & Masala,,Cumbum,6/18/2016,South,1321.0,,,Tamil Nadu
,Mathew,Fruits & Veggies,Fresh Fruits,,02-03-2017,South,,0.14,,Tamil Nadu
OD1727,Arvind,,,Kanyakumari,12/24/2018,South,,0.1,,Tamil Nadu
OD1728,Hafiz,Snacks,Noodles,Cumbum,9/21/2016,South,1998.0,,539.46,Tamil Nadu
OD1729,Kumar,Oil & Masala,,Dharmapuri,1/20/2015,South,1813.0,,416.99,Tamil Nadu
OD1731,Haseena,Oil & Masala,Masalas,Pudukottai,2/16/2017,South,940.0,0.33,394.8,Tamil Nadu
OD1732,Willams,,Rice,Virudhunagar,,South,604.0,0.11,36.24,Tamil Nadu
OD1733,Ridhesh,"Eggs, Meat & Fish",Mutton,Coimbatore,7/19/2017,South,536.0,0.35,176.88,Tamil Nadu
OD1734,Veronica,Oil & Masala,Masalas,Theni,,South,1572.0,0.13,298.68,
OD1735,Rumaiza,"Eggs, Meat & Fish",Eggs,Coimbatore,,South,2311.0,0.17,993.73,Tamil Nadu
OD1740,,Beverages,Health Drinks,Tirunelveli,06-01-2015,South,815.0,0.29,,Tamil Nadu
OD1741,,Oil & Masala,Edible Oil & Ghee,Tirunelveli,,South,1659.0,0.11,613.83,Tamil Nadu
,Jackson,,Organic Staples,Pudukottai,7/19/2017,South,2070.0,0.25,,
OD1746,Sudha,Snacks,Chocolates,Cumbum,9/15/2016,South,673.0,0.1,,Tamil Nadu
OD1748,,Snacks,Noodles,Kanyakumari,8/19/2015,South,1087.0,0.34,141.31,Tamil Nadu
OD1749,,,Cookies,,5/19/2018,South,1895.0,0.13,549.55,Tamil Nadu
OD1750,Muneer,Oil & Masala,,,10/14/2017,South,2132.0,0.35,255.84,
OD1751,Sheeba,Snacks,Noodles,Salem,10/15/2015,South,2116.0,0.19,592.48,Tamil Nadu
OD1752,Haseena,"Eggs, Meat & Fish",Eggs,,8/13/2018,South,2380.0,,190.4,Tamil Nadu
OD1753,Adavan,,Fresh Fruits,Virudhunagar,06-03-2018,South,1646.0,,,Tamil Nadu
,Shree,Snacks,Noodles,,6/15/2018,South,1917.0,0.1,230.04,Tamil Nadu
OD1755,Arvind,Food Grains,Dals & Pulses,Tirunelveli,09-04-2018,South,,0.33,742.7,
,Aditi,,,Ramanadhapuram,2/25/2018,South,1688.0,0.16,286.96,
OD1757,Amrish,Fruits & Veggies,Fresh Fruits,Bodi,,South,2123.0,0.11,891.66,
OD1758,Sharon,,Fish,,11/20/2018,South,1860.0,,818.4,
OD1759,Harish,,Organic Staples,Chennai,8/13/2018,South,,0.35,226.5,
OD1760,Roshan,,Fresh Fruits,Ooty,,South,1184.0,0.33,106.56,Tamil Nadu
OD1761,Amrish,Bakery,Breads & Buns,Cumbum,,South,,0.3,599.5,Tamil Nadu
,Suresh,,Rice,Kanyakumari,7/17/2018,South,962.0,,355.94,Tamil Nadu
OD1763,Shree,Food Grains,Rice,Ramanadhapuram,11/20/2016,South,1052.0,0.31,473.4,Tamil Nadu
OD1764,Sudha,Food Grains,Dals & Pulses,Tenkasi,7/16/2018,South,1907.0,0.17,,Tamil Nadu
OD1766,Amrish,Snacks,Chocolates,,12/20/2015,South,1997.0,0.18,319.52,Tamil Nadu
,Ramesh,,Cookies,Madurai,3/21/2015,South,,0.25,141.6,Tamil Nadu
OD1768,Ganesh,Bakery,Breads & Buns,Pudukottai,03-08-2017,South,,0.22,1053.8,Tamil Nadu
OD1769,Arvind,Food Grains,,Pudukottai,04-11-2016,South,993.0,0.33,,Tamil Nadu
OD1770,Sheeba,Bakery,Biscuits,,12-03-2016,South,1275.0,,484.5,Tamil Nadu
OD1771,Sundar,Oil & Masala,,Salem,11-03-2015,South,1797.0,,521.13,Tamil Nadu
OD1773,Roshan,Food Grains,Rice,Perambalur,09-09-2018,South,2069.0,0.23,806.91,Tamil Nadu
OD1774,Harish,Snacks,Chocolates,Madurai,3/21/2015,South,2230.0,0.11,825.1,Tamil Nadu
OD1775,,Food Grains,Atta & Flour,Madurai,5/29/2017,South,2120.0,,,Tamil Nadu
OD1776,Arvind,"Eggs, Meat & Fish",Eggs,Chennai,,South,1862.0,0.18,521.36,Tamil Nadu
OD1777,Shah,Bakery,,Vellore,,South,1352.0,0.34,,Tamil Nadu
,Shah,Bakery,Breads & Buns,Namakkal,1/30/2018,South,892.0,,205.16,Tamil Nadu
OD1779,Kumar,Beverages,Soft Drinks,Theni,,South,1908.0,0.1,419.76,Tamil Nadu
OD1780,Malik,Bakery,Biscuits,Coimbatore,11/15/2018,South,1834.0,,476.84,
OD1781,,Bakery,Cakes,Ramanadhapuram,11/15/2018,South,1636.0,0.33,130.88,Tamil Nadu
OD1782,Verma,Food Grains,Rice,,5/20/2016,South,708.0,,318.6,Tamil Nadu
,Hafiz,Beverages,,Coimbatore,,South,1014.0,0.27,182.52,
OD1784,,Beverages,Health Drinks,Kanyakumari,11/25/2018,South,2000.0,,880.0,Tamil Nadu
OD1785,Sundar,,Health Drinks,Dindigul,2/25/2018,South,1061.0,0.28,360.74,Tamil Nadu
OD1786,Yadav,Fruits & Veggies,Fresh Fruits,Kanyakumari,05-01-2018,South,,0.29,694.26,Tamil Nadu
OD1787,Arvind,Bakery,Cakes,,7/21/2017,South,1314.0,0.31,210.24,Tamil Nadu
,Sundar,,Chocolates,,11/29/2018,South,,0.25,158.72,Tamil Nadu
OD1790,,Fruits & Veggies,Fresh Vegetables,Dharmapuri,1/14/2017,South,863.0,0.22,207.12,Tamil Nadu
OD1791,Ganesh,Snacks,,Theni,1/22/2017,South,2398.0,0.35,,Tamil Nadu
OD1792,,,,Viluppuram,05-02-2017,South,1859.0,0.22,446.16,
OD1794,Amrish,Bakery,,Karur,11-03-2015,South,2101.0,,819.39,
OD1795,Ram,Food Grains,Atta & Flour,Pudukottai,12/22/2018,South,2359.0,0.17,518.98,
OD1797,Amrish,Food Grains,,,,South,1713.0,0.13,753.72,Tamil Nadu
OD1798,Roshan,Bakery,Breads & Buns,,05-01-2018,South,1341.0,,482.76,
OD1799,Willams,"Eggs, Meat & Fish",Mutton,Kanyakumari,11/27/2017,South,,,495.4,Tamil Nadu
OD2214,,,Atta & Flour,,5/30/2018,South,1045.0,0.27,,
,Sudeep,Snacks,Chocolates,Viluppuram,,South,2000.0,0.17,,Tamil Nadu
,Vince,Beverages,Health Drinks,Ramanadhapuram,06-06-2017,South,636.0,0.22,203.52,Tamil Nadu
OD2219,Aditi,Fruits & Veggies,Fresh Fruits,Chennai,10/30/2016,South,1073.0,0.12,203.87,Tamil Nadu
OD2221,Ramesh,,,Ooty,06-06-2017,South,,0.33,424.62,Tamil Nadu
OD2222,Krithika,"Eggs, Meat & Fish",,,,South,1678.0,,,Tamil Nadu
OD2224,Sudeep,,Atta & Flour,Nagercoil,10/13/2018,South,1468.0,0.27,499.12,Tamil Nadu
,Malik,,Eggs,Cumbum,06-06-2017,South,2112.0,,485.76,Tamil Nadu
OD2226,Sheeba,Oil & Masala,,,05-05-2017,South,2251.0,0.12,540.24,Tamil Nadu
OD2228,Vidya,Beverages,,Ooty,11-02-2016,South,1366.0,0.13,478.1,Tamil Nadu
OD2229,Kumar,Bakery,Cakes,Coimbatore,12/23/2016,South,1945.0,0.12,719.65,Tamil Nadu
,Komal,,Chocolates,,9/22/2018,South,1852.0,,370.4,
OD2233,Hussain,Beverages,Health Drinks,Viluppuram,,South,1170.0,0.14,70.2,
OD2235,Vinne,Oil & Masala,Masalas,Coimbatore,3/23/2016,South,2190.0,0.34,569.4,Tamil Nadu
,Mathew,Snacks,,Dharmapuri,4/30/2015,South,2032.0,0.26,629.92,Tamil Nadu
OD2237,Yadav,"Eggs, Meat & Fish",Mutton,Vellore,7/24/2017,South,1599.0,,,Tamil Nadu
OD2238,Mathew,"Eggs, Meat & Fish",Fish,Viluppuram,4/30/2015,South,870.0,0.26,365.4,Tamil Nadu
,Aditi,Beverages,Soft Drinks,,5/19/2015,South,610.0,0.13,115.9,Tamil Nadu
,Aditi,Bakery,Cakes,Namakkal,05-06-2018,South,1622.0,,81.1,Tamil Nadu
OD2242,Anu,"Eggs, Meat & Fish",Eggs,Namakkal,9/24/2018,South,574.0,,212.38,Tamil Nadu
OD2244,Sudha,Beverages,Soft Drinks,Tenkasi,10/13/2018,South,821.0,0.25,221.67,Tamil Nadu
OD2245,Ridhesh,,Breads & Buns,Karur,,South,2473.0,,1038.66,
OD2246,,Beverages,Soft Drinks,Tirunelveli,,South,2478.0,0.1,941.64,Tamil Nadu
,Verma,,Masalas,Coimbatore,,South,,0.21,121.03,Tamil Nadu
OD2248,Malik,Food Grains,Rice,Cumbum,,South,813.0,0.17,317.07,
OD2249,Ganesh,Food Grains,Atta & Flour,Tenkasi,6/23/2015,South,502.0,0.23,145.58,
OD2250,,Snacks,Noodles,Ramanadhapuram,11/19/2017,South,2119.0,,847.6,
OD2251,Aditi,,Dals & Pulses,,05-01-2018,South,1149.0,0.22,103.41,Tamil Nadu
,Veena,Snacks,Cookies,Viluppuram,11/30/2016,South,1400.0,,,Tamil Nadu
OD2253,Veena,Bakery,Breads & Buns,Dindigul,12/16/2017,South,1486.0,,208.04,Tamil Nadu
OD2256,Kumar,Food Grains,Atta & Flour,,,South,2180.0,0.24,806.6,Tamil Nadu
OD2257,Akash,Fruits & Veggies,Fresh Fruits,Bodi,,South,1710.0,0.22,307.8,
OD2258,Vidya,Oil & Masala,Masalas,Namakkal,04-09-2018,South,,,897.96,Tamil Nadu
,,"Eggs, Meat & Fish",,,9/23/2018,South,,,529.32,Tamil Nadu
,,,Noodles,,8/14/2017,South,2000.0,,800.0,Tamil Nadu
OD2261,,"Eggs, Meat & Fish",,,08-09-2017,South,1652.0,0.26,627.76,Tamil Nadu
OD2262,Verma,Oil & Masala,Spices,Kanyakumari,10-09-2018,South,1676.0,0.26,603.36,Tamil Nadu
,Sudeep,Food Grains,Dals & Pulses,Madurai,8/15/2015,South,,0.35,195.3,Tamil Nadu
OD2265,Peer,Fruits & Veggies,Organic Fruits,,,South,1651.0,,561.34,Tamil Nadu
OD2266,,Beverages,Health Drinks,Trichy,11/20/2018,South,2305.0,0.35,530.15,Tamil Nadu
,Veena,Snacks,Chocolates,Dharmapuri,12/18/2018,South,2132.0,0.11,618.28,Tamil Nadu
OD2269,Shree,Snacks,Noodles,Nagercoil,,South,854.0,0.3,,Tamil Nadu
,Roshan,Bakery,Breads & Buns,Vellore,04-09-2018,South,1052.0,0.13,105.2,
,Sabeela,Snacks,Cookies,Pudukottai,05-01-2017,South,814.0,0.14,,Tamil Nadu
OD2272,,Fruits & Veggies,Organic Vegetables,,7/29/2017,South,2285.0,0.35,,
OD2274,Sharon,,Organic Staples,Ooty,11/30/2016,South,1721.0,,258.15,Tamil Nadu
OD2506,,Fruits & Veggies,Organic Fruits,Coimbatore,8/13/2017,South,1087.0,0.18,108.7,Tamil Nadu
,Esther,"Eggs, Meat & Fish",Fish,Kanyakumari,07-01-2017,South,2439.0,,512.19,Tamil Nadu
OD2508,Roshan,Food Grains,Atta & Flour,Theni,07-01-2017,South,,0.15,,
OD2512,,"Eggs, Meat & Fish",Chicken,Dindigul,02-07-2017,South,704.0,0.18,112.64,Tamil Nadu
OD2513,Amrish,Fruits & Veggies,,Kanyakumari,5/19/2018,South,1844.0,0.27,331.92,Tamil Nadu
OD2514,,Snacks,Chocolates,,,South,1304.0,,417.28,
OD2515,Akash,,Organic Fruits,Pudukottai,10/20/2018,South,925.0,0.19,379.25,Tamil Nadu
OD2516,Shah,Food Grains,Organic Staples,Ooty,,South,807.0,0.24,347.01,Tamil Nadu
OD2517,Rumaiza,,Chocolates,Madurai,10/23/2016,South,,0.1,286.65,Tamil Nadu
OD2518,Shah,Beverages,Health Drinks,Tenkasi,3/31/2015,South,989.0,0.21,207.69,Tamil Nadu
OD2519,,Food Grains,Atta & Flour,Krishnagiri,07-08-2017,South,2412.0,,940.68,Tamil Nadu
,,Fruits & Veggies,Fresh Vegetables,Pudukottai,,South,793.0,0.28,,Tamil Nadu
,Hafiz,,Breads & Buns,Ramanadhapuram,,South,959.0,0.34,115.08,
OD2522,Shree,Food Grains,Dals & Pulses,,12-11-2017,South,,0.21,164.64,Tamil Nadu
OD2523,,Snacks,Chocolates,Ooty,06-02-2018,South,1073.0,,311.17,Tamil Nadu
,Arutra,"Eggs, Meat & Fish",Chicken,Chennai,,South,517.0,0.12,155.1,Tamil Nadu
OD2525,,Bakery,,,7/28/2015,South,1745.0,,244.3,
OD2527,Alan,Fruits & Veggies,Organic Fruits,Dindigul,7/28/2015,South,,0.33,776.7,Tamil Nadu
,Vince,"Eggs, Meat & Fish",Eggs,Namakkal,,South,,0.33,1033.72,Tamil Nadu
OD2530,Aditi,Snacks,Noodles,,8/16/2018,South,,,199.54,Tamil Nadu
OD2531,Ravi,,Organic Vegetables,Nagercoil,,South,1905.0,0.34,,Tamil Nadu
OD2533,Esther,,Mutton,Krishnagiri,05-06-2018,South,2260.0,,542.4,
,Harish,Bakery,Biscuits,Nagercoil,11-03-2017,South,691.0,0.29,48.37,Tamil Nadu
OD2860,Rumaiza,Beverages,Soft Drinks,Chennai,,South,,,355.68,Tamil Nadu
OD2861,Ramesh,"Eggs, Meat & Fish",Mutton,Chennai,12/29/2018,South,,,584.04,Tamil Nadu
OD2862,Roshan,"Eggs, Meat & Fish",,Nagercoil,11/14/2017,South,,0.24,115.15,Tamil Nadu
OD2864,Amrish,Beverages,Soft Drinks,Bodi,,South,,,246.05,Tamil Nadu
OD2865,,Snacks,Cookies,Krishnagiri,,South,1020.0,,306.0,Tamil Nadu
OD2866,Esther,Oil & Masala,Edible Oil & Ghee,,05-05-2015,South,2240.0,0.13,918.4,Tamil Nadu
OD2867,Rumaiza,,Soft Drinks,Cumbum,,South,2257.0,0.28,857.66,Tamil Nadu
OD2868,Haseena,,Health Drinks,Vellore,11/14/2017,South,1122.0,0.14,,Tamil Nadu
OD2869,,Food Grains,Dals & Pulses,,12-09-2018,South,2374.0,0.32,284.88,
OD2870,,Snacks,Chocolates,Chennai,3/27/2018,South,904.0,0.19,153.68,Tamil Nadu
,Suresh,,Organic Vegetables,,05-01-2017,South,773.0,0.3,,Tamil Nadu
OD2875,James,Beverages,Health Drinks,Ramanadhapuram,9/23/2018,South,2396.0,0.3,,Tamil Nadu
OD2876,Anu,,Masalas,Vellore,05-05-2015,South,1898.0,0.19,360.62,
OD2877,Veena,Bakery,Biscuits,Cumbum,8/27/2015,South,779.0,0.27,109.06,Tamil Nadu
OD2878,Shree,Beverages,,Coimbatore,11-08-2016,South,,,211.35,Tamil Nadu
OD2880,Rumaiza,Food Grains,Atta & Flour,Pudukottai,12/17/2015,South,,0.26,249.7,Tamil Nadu
OD2882,Vince,,Edible Oil & Ghee,Namakkal,11-03-2017,South,558.0,0.11,189.72,Tamil Nadu
OD2883,,"Eggs, Meat & Fish",Chicken,Nagercoil,4/29/2015,South,1243.0,0.28,198.88,
OD2885,,"Eggs, Meat & Fish",Fish,Ooty,05-01-2017,South,743.0,0.11,104.02,Tamil Nadu
OD2887,Hafiz,Food Grains,Rice,,05-05-2015,South,2155.0,0.12,754.25,Tamil Nadu
OD2888,Hussain,Beverages,Soft Drinks,Ooty,,South,1536.0,0.2,,Tamil Nadu
,Arvind,Snacks,,Salem,,South,989.0,,168.13,Tamil Nadu
OD2892,Sudha,"Eggs, Meat & Fish",,Perambalur,,South,1784.0,,499.52,Tamil Nadu
OD2893,,Snacks,Chocolates,Pudukottai,12-09-2018,South,1534.0,0.24,,
,Veronica,Oil & Masala,Spices,Karur,,South,,,297.2,Tamil Nadu
OD2895,Harish,Beverages,Soft Drinks,,11-03-2017,South,1559.0,,265.03,Tamil Nadu
OD2896,Suresh,Fruits & Veggies,Organic Vegetables,Chennai,3/27/2018,South,1522.0,0.18,395.72,Tamil Nadu
OD2897,Ramesh,Food Grains,Rice,Trichy,12-09-2018,South,1227.0,,441.72,
,Yadav,"Eggs, Meat & Fish",Mutton,Ooty,12/25/2016,South,1231.0,0.17,147.72,
,,Snacks,Cookies,Karur,9/23/2017,South,,0.35,597.24,Tamil Nadu
OD2902,Aditi,Beverages,Health Drinks,Madurai,,South,1567.0,,564.12,Tamil Nadu
OD2903,Anu,,Chicken,,,South,785.0,0.23,337.55,Tamil Nadu
OD2905,James,Snacks,Chocolates,Coimbatore,6/29/2017,South,1887.0,0.12,207.57,Tamil Nadu
OD2906,,Snacks,Chocolates,Namakkal,11-08-2016,South,1273.0,0.34,,Tamil Nadu
OD2907,Rumaiza,,Edible Oil & Ghee,Tenkasi,,South,2493.0,,,
OD2908,,"Eggs, Meat & Fish",Mutton,,11/19/2018,South,681.0,0.23,245.16,
OD2909,Surya,Fruits & Veggies,Fresh Vegetables,,02-02-2017,South,1655.0,0.3,612.35,Tamil Nadu
OD2910,Suresh,,Health Drinks,Viluppuram,11/25/2018,South,2195.0,0.22,,Tamil Nadu
,Sudeep,Oil & Masala,Spices,Viluppuram,12-05-2017,South,,,315.0,Tamil Nadu
,Surya,Food Grains,Atta & Flour,Theni,11/13/2018,South,1585.0,0.31,634.0,Tamil Nadu
,Veena,,Fresh Fruits,,,South,,0.21,318.63,
OD2917,Verma,Fruits & Veggies,,Trichy,10/22/2016,South,,0.28,972.3,
OD2918,James,Beverages,Health Drinks,Coimbatore,,South,1512.0,0.26,241.92,Tamil Nadu
OD2919,Verma,Fruits & Veggies,Organic Fruits,Pudukottai,09-04-2017,South,1413.0,0.3,452.16,Tamil Nadu
OD2920,Komal,Bakery,Biscuits,,,South,,0.1,51.87,Tamil Nadu
OD2921,Ganesh,Bakery,Biscuits,,09-04-2017,South,1363.0,0.1,558.83,Tamil Nadu
OD2922,Yadav,Food Grains,Dals & Pulses,Perambalur,8/29/2015,South,1718.0,0.24,360.78,
OD2923,Sheeba,Bakery,Breads & Buns,Dindigul,03-09-2016,South,1546.0,0.26,108.22,
OD2925,,Food Grains,Rice,Karur,8/23/2018,South,2347.0,,704.1,Tamil Nadu
OD2927,,,,Ooty,10/28/2018,South,831.0,0.28,257.61,Tamil Nadu
OD2928,Hussain,Bakery,Breads & Buns,,11-06-2018,South,1506.0,,677.7,Tamil Nadu
OD2929,Peer,Snacks,Noodles,Krishnagiri,3/18/2017,South,1171.0,0.18,,
OD2930,Vidya,Oil & Masala,Edible Oil & Ghee,Salem,7/29/2018,South,,0.1,172.25,
OD2931,,Oil & Masala,Edible Oil & Ghee,Dharmapuri,09-05-2017,South,580.0,0.28,29.0,Tamil Nadu
,Vince,"Eggs, Meat & Fish",,,,South,,0.11,155.47,Tamil Nadu
OD2933,,Food Grains,Atta & Flour,Vellore,,South,,0.23,499.17,Tamil Nadu
OD2934,Veena,,Mutton,Theni,10/28/2018,South,,0.32,148.83,Tamil Nadu
OD2936,Sabeela,Fruits & Veggies,Fresh Vegetables,,11-03-2018,South,,0.33,704.7,Tamil Nadu
OD2937,,,Eggs,,09-05-2017,South,2453.0,0.14,466.07,
,Amrish,Snacks,,,09-04-2017,South,1857.0,,315.69,Tamil Nadu
OD2939,Suresh,Bakery,Breads & Buns,,11/13/2018,South,,0.34,153.12,Tamil Nadu
OD2940,Malik,Bakery,Biscuits,Coimbatore,8/22/2015,South,853.0,0.31,110.89,Tamil Nadu
OD2941,Sundar,Fruits & Veggies,Fresh Fruits,Tirunelveli,8/27/2018,South,1807.0,0.11,289.12,Tamil Nadu
OD2942,James,"Eggs, Meat & Fish",Eggs,Bodi,12-04-2016,South,1571.0,0.2,518.43,Tamil Nadu
OD2943,Shah,,Breads & Buns,Ooty,11-06-2018,South,2280.0,0.24,159.6,
OD2945,James,"Eggs, Meat & Fish",Fish,Viluppuram,8/23/2018,South,,,588.48,
OD2946,Sharon,Beverages,Health Drinks,Theni,5/27/2018,South,,0.12,,Tamil Nadu
,Krithika,Oil & Masala,Edible Oil & Ghee,Virudhunagar,12/23/2015,South,2374.0,0.26,593.5,Tamil Nadu
OD2949,,,Chocolates,Cumbum,10/31/2017,South,1826.0,0.35,109.56,Tamil Nadu
OD2950,Malik,Fruits & Veggies,Organic Vegetables,Perambalur,11-06-2018,South,,,463.11,
,Roshan,,,Bodi,10-01-2017,South,1463.0,0.33,160.93,
OD2953,Roshan,,Fish,Kanyakumari,10/21/2017,South,,0.27,,
OD2955,Vidya,Food Grains,Rice,,10-01-2017,South,,0.25,474.24,Tamil Nadu
OD2957,Jackson,Bakery,Cakes,,12-04-2016,South,,,402.36,
OD2958,,"Eggs, Meat & Fish",,Tirunelveli,,South,1657.0,0.13,,
OD2960,,Food Grains,Rice,Bodi,8/13/2017,South,2397.0,0.25,958.8,Tamil Nadu
OD4005,Veronica,"Eggs, Meat & Fish",,Salem,9/21/2018,South,,0.34,660.0,Tamil Nadu
OD4006,Willams,"Eggs, Meat & Fish",Mutton,,,South,1175.0,0.19,223.25,Tamil Nadu
,James,Beverages,Soft Drinks,Bodi,09-10-2018,South,2475.0,0.14,,
OD4008,Sheeba,,Rice,Madurai,2/16/2017,South,,0.15,254.1,Tamil Nadu
OD4009,Sundar,Beverages,,,7/19/2017,South,1794.0,,358.8,Tamil Nadu
OD4010,Ravi,Food Grains,Dals & Pulses,Dharmapuri,09-11-2017,South,1484.0,0.21,445.2,Tamil Nadu
OD4011,James,,Organic Fruits,Krishnagiri,,South,,0.18,273.75,
OD4012,Sharon,Oil & Masala,Edible Oil & Ghee,,05-04-2018,South,1576.0,,267.92,Tamil Nadu
,Sharon,Snacks,,Vellore,04-12-2017,South,1254.0,0.12,163.02,
OD4015,Jonas,Snacks,Cookies,Tirunelveli,05-04-2018,South,1203.0,,541.35,Tamil Nadu
OD4016,Ravi,Food Grains,,,11/17/2018,South,1493.0,0.29,522.55,Tamil Nadu
OD4017,Ganesh,Snacks,Noodles,Vellore,06-02-2015,South,1065.0,0.18,170.4,Tamil Nadu
OD4018,Veena,Oil & Masala,Edible Oil & Ghee,,01-09-2016,South,584.0,0.35,169.36,
OD4019,Surya,"Eggs, Meat & Fish",Chicken,Viluppuram,06-11-2016,South,1594.0,0.16,350.68,Tamil Nadu
OD4020,Veronica,Bakery,Breads & Buns,Chennai,07-02-2017,South,2355.0,0.12,,Tamil Nadu
OD4021,Alan,,Rice,Virudhunagar,11-02-2018,South,1327.0,0.33,305.21,Tamil Nadu
OD4022,Ram,Fruits & Veggies,,Madurai,,South,,,564.0,Tamil Nadu
,James,,,Virudhunagar,9/14/2015,South,787.0,0.32,,Tamil Nadu
,Suresh,Oil & Masala,Spices,Cumbum,,South,2116.0,0.16,719.44,Tamil Nadu
OD4025,Ganesh,Oil & Masala,,,7/19/2017,South,2493.0,0.33,,
OD4027,Rumaiza,Bakery,,,,South,1346.0,0.23,255.74,Tamil Nadu
OD4029,,"Eggs, Meat & Fish",Chicken,Perambalur,02-11-2015,South,1337.0,,601.65,
OD4030,,Food Grains,Rice,Bodi,09-04-2016,South,620.0,0.13,272.8,
OD4031,,Snacks,Noodles,Madurai,9/21/2016,South,1412.0,0.26,564.8,Tamil Nadu
OD4033,Sudeep,,Cookies,Salem,,South,1987.0,,894.15,Tamil Nadu
OD4034,Malik,,Organic Staples,Bodi,06-04-2018,South,972.0,0.3,174.96,Tamil Nadu
OD4036,Yusuf,Beverages,,Tenkasi,8/23/2016,South,604.0,0.11,211.4,Tamil Nadu
OD4037,Esther,,Eggs,,09-04-2016,South,1200.0,0.29,180.0,Tamil Nadu
OD4039,Ramesh,,Fresh Vegetables,Virudhunagar,05-07-2016,South,852.0,0.33,,Tamil Nadu
,Vinne,Oil & Masala,Edible Oil & Ghee,,,South,,0.18,440.72,Tamil Nadu
OD4041,Adavan,Fruits & Veggies,,Dindigul,9/21/2016,South,622.0,,267.46,Tamil Nadu
,,Beverages,Health Drinks,Salem,6/18/2016,South,,0.12,493.0,Tamil Nadu
OD4043,Sudeep,Oil & Masala,,Ooty,9/19/2017,South,894.0,0.21,348.66,Tamil Nadu
OD4044,Komal,Oil & Masala,Edible Oil & Ghee,Ooty,7/21/2018,South,926.0,0.24,166.68,Tamil Nadu
OD4045,Sundar,Beverages,Soft Drinks,Nagercoil,8/23/2016,South,1531.0,0.34,137.79,Tamil Nadu
OD4046,,Food Grains,Dals & Pulses,Virudhunagar,8/23/2016,South,1332.0,0.16,439.56,Tamil Nadu
OD4047,Ravi,Beverages,Health Drinks,,01-09-2016,South,2493.0,0.35,,Tamil Nadu
OD4048,Sudha,,Biscuits,Virudhunagar,12/20/2016,South,,0.28,54.24,Tamil Nadu
OD4049,Surya,Fruits & Veggies,Fresh Fruits,Madurai,,South,,0.14,135.24,
,Arvind,Oil & Masala,Spices,Salem,4/16/2017,South,,0.2,,Tamil Nadu
OD4052,Ramesh,Fruits & Veggies,,Coimbatore,9/22/2018,South,1315.0,0.33,499.7,Tamil Nadu
OD4053,Adavan,Bakery,Breads & Buns,Madurai,09-04-2017,South,1426.0,0.13,399.28,Tamil Nadu
OD4056,Adavan,Oil & Masala,Edible Oil & Ghee,,09-02-2018,South,,0.18,479.88,Tamil Nadu
,Jackson,Snacks,Chocolates,Trichy,4/21/2016,South,1625.0,0.23,422.5,Tamil Nadu
OD4059,Esther,Snacks,,Dharmapuri,7/21/2018,South,1544.0,0.25,,Tamil Nadu
OD4061,Haseena,Fruits & Veggies,,Dindigul,1/24/2018,South,703.0,,49.21,
OD4062,Sheeba,Food Grains,Organic Staples,Theni,04-02-2018,South,634.0,0.27,,Tamil Nadu
OD4063,Esther,Fruits & Veggies,Organic Vegetables,Tirunelveli,8/23/2016,South,1330.0,0.34,,Tamil Nadu
OD4065,Yusuf,,Health Drinks,,04-02-2015,South,1517.0,0.23,364.08,Tamil Nadu
OD4066,Hafiz,,Chocolates,Vellore,01-09-2016,South,860.0,0.27,189.2,Tamil Nadu
OD4067,,Food Grains,Atta & Flour,Ooty,07-04-2015,South,2284.0,0.18,,Tamil Nadu
,,Oil & Masala,Spices,Dharmapuri,4/22/2018,South,1082.0,0.3,313.78,Tamil Nadu
OD4069,Shree,Snacks,Noodles,,12/17/2018,South,1842.0,0.1,,
OD4071,Mathew,,Biscuits,Tenkasi,,South,2114.0,0.28,528.5,Tamil Nadu
OD4072,Ravi,Bakery,Biscuits,,,South,568.0,0.14,176.08,Tamil Nadu
OD4073,,Beverages,Health Drinks,Karur,04-08-2017,South,942.0,,,Tamil Nadu
OD4074,Ram,Bakery,,,9/16/2016,South,717.0,0.24,258.12,Tamil Nadu
OD4075,Suresh,Fruits & Veggies,Fresh Vegetables,Nagercoil,,South,,,,Tamil Nadu
,Aditi,Fruits & Veggies,Organic Fruits,,12-10-2016,South,,0.35,136.92,Tamil Nadu
OD4080,Sundar,Beverages,Soft Drinks,Dharmapuri,12-07-2015,South,540.0,,32.4,Tamil Nadu
,Kumar,Oil & Masala,Spices,Madurai,9/18/2017,South,2063.0,0.2,,Tamil Nadu
,Vinne,"Eggs, Meat & Fish",Mutton,,09-04-2017,South,,,,Tamil Nadu
,Sharon,Bakery,,Ramanadhapuram,7/19/2017,South,1050.0,0.18,,Tamil Nadu
OD4084,,Fruits & Veggies,Fresh Vegetables,Madurai,05-04-2018,South,1411.0,,465.63,
OD4086,Yusuf,"Eggs, Meat & Fish",,Salem,03-03-2018,South,,0.23,508.3,
OD4087,Komal,"Eggs, Meat & Fish",Mutton,Krishnagiri,09-11-2018,South,770.0,0.11,,
OD4088,Esther,Fruits & Veggies,Organic Vegetables,Tenkasi,10/20/2018,South,1024.0,0.25,358.4,Tamil Nadu
OD4090,Verma,Food Grains,,Madurai,10/16/2018,South,1613.0,0.33,645.2,Tamil Nadu
,,Snacks,Noodles,Krishnagiri,,South,1071.0,0.19,428.4,Tamil Nadu
,Shree,,Biscuits,Dharmapuri,04-12-2017,South,2140.0,0.12,,Tamil Nadu
OD4094,Akash,Snacks,,,8/23/2016,South,2291.0,0.2,206.19,Tamil Nadu
OD4095,,,Cakes,Pudukottai,8/23/2016,South,,0.34,645.0,Tamil Nadu
OD4096,,Beverages,Soft Drinks,,09-04-2016,South,2184.0,,524.16,
OD4097,Yusuf,Oil & Masala,Edible Oil & Ghee,,01-09-2016,South,1825.0,0.1,,
,Jackson,,,Chennai,06-11-2016,South,,0.24,,Tamil Nadu
,Akash,,Mutton,,7/25/2017,South,577.0,0.31,201.95,Tamil Nadu
OD4103,Hafiz,"Eggs, Meat & Fish",Chicken,Trichy,6/20/2018,South,1044.0,0.25,459.36,Tamil Nadu
OD4104,Anu,Beverages,Health Drinks,,6/27/2015,South,2179.0,0.21,784.44,Tamil Nadu
,Veena,"Eggs, Meat & Fish",Mutton,,9/25/2018,South,992.0,0.26,317.44,Tamil Nadu
OD4106,Aditi,Snacks,Chocolates,Cumbum,7/21/2018,South,1099.0,0.25,230.79,Tamil Nadu
,Ravi,Food Grains,Organic Staples,Ramanadhapuram,7/21/2018,South,2208.0,0.33,287.04,Tamil Nadu
OD4108,Shree,Oil & Masala,Edible Oil & Ghee,Krishnagiri,,South,861.0,0.2,,Tamil Nadu
OD4111,,Beverages,Soft Drinks,Ooty,1/20/2015,South,1768.0,0.13,353.6,
OD4113,Shah,Fruits & Veggies,,Nagercoil,2/14/2017,South,2192.0,0.32,241.12,Tamil Nadu
OD4114,Ravi,Fruits & Veggies,Fresh Vegetables,Trichy,,South,2091.0,,836.4,Tamil Nadu
OD4115,,Bakery,Biscuits,Tenkasi,06-11-2016,South,1342.0,0.2,442.86,Tamil Nadu
,Muneer,,Organic Vegetables,Pudukottai,11/19/2018,South,2074.0,0.15,414.8,
OD4118,,"Eggs, Meat & Fish",,Trichy,9/13/2016,South,1665.0,0.32,,Tamil Nadu
OD4120,,Oil & Masala,Spices,,,South,798.0,0.21,287.28,Tamil Nadu
,,Fruits & Veggies,Organic Vegetables,Ramanadhapuram,9/21/2016,South,2203.0,0.31,572.78,Tamil Nadu
OD4122,Ganesh,,Cakes,Madurai,9/21/2016,South,1777.0,0.29,586.41,Tamil Nadu
OD4124,Malik,,,Nagercoil,12/25/2017,South,772.0,0.2,,Tamil Nadu
OD4127,Verma,,,Chennai,5/14/2018,South,504.0,0.11,,
,Mathew,Fruits & Veggies,,Nagercoil,09-08-2015,South,,0.33,214.08,Tamil Nadu
OD4129,,Oil & Masala,Edible Oil & Ghee,Tenkasi,7/26/2015,South,934.0,0.34,149.44,
,Vince,Snacks,Noodles,,,South,2447.0,0.35,831.98,Tamil Nadu
,Alan,"Eggs, Meat & Fish",Mutton,Vellore,4/26/2016,South,2350.0,0.33,987.0,Tamil Nadu
OD4133,Aditi,Fruits & Veggies,Organic Fruits,Virudhunagar,12-02-2018,South,,,312.57,Tamil Nadu
OD4134,Jackson,,,Karur,9/18/2017,South,639.0,0.28,70.29,
OD4135,,Snacks,Chocolates,Namakkal,11/18/2018,South,1905.0,,685.8,Tamil Nadu
OD4137,Willams,,Organic Fruits,Ooty,9/17/2015,South,2422.0,0.34,1041.46,Tamil Nadu
OD4138,Sundar,"Eggs, Meat & Fish",,Tenkasi,8/27/2018,South,,,,Tamil Nadu
OD4139,Sudeep,,Eggs,Tenkasi,,South,,0.24,134.55,Tamil Nadu
OD4140,Jonas,Food Grains,,Cumbum,06-03-2018,South,,0.28,,Tamil Nadu
OD4141,Ramesh,"Eggs, Meat & Fish",Eggs,Vellore,,South,,,,
OD4142,Krithika,Oil & Masala,Masalas,Pudukottai,11-03-2018,South,1047.0,0.26,,
OD4144,Shah,"Eggs, Meat & Fish",Mutton,Ramanadhapuram,12-01-2017,South,,0.1,286.6,
OD4145,,Fruits & Veggies,Organic Fruits,Theni,5/29/2017,South,,0.33,261.66,Tamil Nadu
OD4146,Amrish,,Organic Fruits,Dindigul,,South,791.0,0.18,284.76,Tamil Nadu
,,Snacks,,Krishnagiri,9/22/2017,South,1592.0,,382.08,Tamil Nadu
,Haseena,Food Grains,,Theni,03-12-2016,South,1871.0,0.35,,Tamil Nadu
OD4150,James,Food Grains,Dals & Pulses,Trichy,09-04-2018,South,1839.0,0.19,183.9,Tamil Nadu
OD4151,,Fruits & Veggies,Fresh Vegetables,Pudukottai,06-06-2015,South,959.0,,57.54,Tamil Nadu
OD4152,Roshan,Beverages,Health Drinks,Chennai,,South,713.0,0.32,49.91,Tamil Nadu
OD4155,Sabeela,,Breads & Buns,Karur,2/20/2017,South,1060.0,0.3,95.4,Tamil Nadu
OD4157,Esther,Snacks,Noodles,Pudukottai,12/25/2016,South,666.0,0.2,66.6,
OD4158,Arutra,Oil & Masala,Masalas,Chennai,11/20/2016,South,1808.0,0.24,,Tamil Nadu
OD4159,,Oil & Masala,Spices,,11-03-2015,South,2236.0,0.33,491.92,Tamil Nadu
,Esther,Bakery,Breads & Buns,Pudukottai,09-09-2018,South,,0.23,,Tamil Nadu
OD4161,Adavan,,Soft Drinks,,,South,2169.0,0.14,,Tamil Nadu
OD4162,Peer,,Edible Oil & Ghee,Chennai,10/14/2017,South,630.0,,,Tamil Nadu
OD4163,,"Eggs, Meat & Fish",Eggs,Ooty,12-03-2018,South,1580.0,,,Tamil Nadu
,Mathew,Food Grains,,Perambalur,03-04-2015,South,1450.0,,420.5,Tamil Nadu
OD4167,Adavan,Beverages,Soft Drinks,Vellore,01-08-2017,South,1693.0,0.21,474.04,Tamil Nadu
OD4168,Jonas,Bakery,Breads & Buns,Virudhunagar,11/15/2015,South,2344.0,0.2,890.72,
OD4169,Surya,,Chocolates,Viluppuram,07-09-2016,South,2144.0,0.14,793.28,Tamil Nadu
,Arutra,,,Salem,12-11-2017,South,1846.0,0.12,738.4,Tamil Nadu
OD4171,Veena,Fruits & Veggies,Fresh Vegetables,Ooty,12-12-2015,South,771.0,0.34,316.11,Tamil Nadu
,Amy,Beverages,Soft Drinks,,09-06-2017,South,1510.0,0.19,543.6,Tamil Nadu
OD4173,Surya,"Eggs, Meat & Fish",Mutton,Trichy,1/14/2018,South,636.0,,101.76,Tamil Nadu
,Ganesh,Fruits & Veggies,Organic Fruits,Bodi,,South,,0.14,172.62,
OD4176,Harish,,Biscuits,Pudukottai,10-03-2018,South,635.0,0.11,241.3,Tamil Nadu
OD4177,Komal,"Eggs, Meat & Fish",Mutton,Salem,07-02-2016,South,2310.0,0.12,831.6,Tamil Nadu
OD4178,Haseena,Fruits & Veggies,,,07-02-2016,South,2427.0,0.14,1067.88,Tamil Nadu
OD4180,Sharon,"Eggs, Meat & Fish",,Perambalur,06-03-2018,South,1476.0,,501.84,
,Anu,"Eggs, Meat & Fish",Fish,Krishnagiri,02-03-2018,South,2233.0,0.31,,Tamil Nadu
OD4182,Vidya,Bakery,Breads & Buns,Krishnagiri,11/13/2016,South,2265.0,0.22,249.15,Tamil Nadu
OD4183,Shah,Bakery,Breads & Buns,Cumbum,,South,1497.0,,,Tamil Nadu
OD4184,Amrish,Food Grains,Rice,Dharmapuri,10/14/2017,South,890.0,0.27,,Tamil Nadu
OD4186,Komal,Food Grains,Atta & Flour,,09-05-2018,South,1887.0,0.14,566.1,
OD4187,Sabeela,Oil & Masala,,Namakkal,12/23/2018,South,2325.0,0.25,,
OD4190,Veena,Snacks,Cookies,Chennai,11-05-2016,South,571.0,0.21,,Tamil Nadu
,Aditi,Beverages,Soft Drinks,Virudhunagar,3/21/2016,South,899.0,0.23,143.84,Tamil Nadu
OD4194,Vinne,Food Grains,Organic Staples,Tenkasi,10/14/2017,South,609.0,0.3,,Tamil Nadu
OD4195,Veronica,,Eggs,Cumbum,12/25/2016,South,1175.0,0.35,493.5,Tamil Nadu
OD4196,Ridhesh,Fruits & Veggies,,,08-12-2018,South,,,537.12,
OD4197,,Snacks,Noodles,Kanyakumari,12/30/2017,South,2213.0,0.1,553.25,
OD4198,Ram,,,Kanyakumari,,South,1936.0,,851.84,Tamil Nadu
OD4199,Shah,Snacks,,,09-09-2018,South,1293.0,0.34,168.09,Tamil Nadu
OD4203,Muneer,Food Grains,Atta & Flour,Cumbum,12/22/2018,South,1188.0,0.31,522.72,Tamil Nadu
OD4204,Hafiz,Snacks,Chocolates,Dindigul,11/27/2018,South,923.0,0.16,415.35,Tamil Nadu
OD4205,Ridhesh,"Eggs, Meat & Fish",Eggs,,9/13/2018,South,652.0,0.26,52.16,Tamil Nadu
OD4206,Ram,"Eggs, Meat & Fish",Mutton,Kanyakumari,,South,1994.0,0.29,777.66,Tamil Nadu
,,"Eggs, Meat & Fish",Eggs,,09-05-2018,South,724.0,0.21,202.72,Tamil Nadu
,,Oil & Masala,,,8/13/2018,South,2486.0,0.34,248.6,
OD4209,Sheeba,Beverages,,Coimbatore,8/13/2018,South,2415.0,,917.7,Tamil Nadu
OD4210,Shree,,Organic Staples,Ooty,3/21/2015,South,2362.0,0.17,307.06,Tamil Nadu
OD4211,Ganesh,Bakery,Cakes,,12/31/2017,South,1035.0,0.24,196.65,Tamil Nadu
OD4212,Harish,"Eggs, Meat & Fish",Mutton,Bodi,11-12-2018,South,508.0,0.25,101.6,
OD4213,Haseena,Snacks,Chocolates,Tenkasi,12/20/2015,South,681.0,,286.02,Tamil Nadu
,Shree,Food Grains,Organic Staples,Perambalur,9/15/2018,South,,0.1,494.55,Tamil Nadu
OD4215,Rumaiza,,Soft Drinks,Krishnagiri,,South,1888.0,0.32,774.08,Tamil Nadu
OD4217,Jackson,Food Grains,Atta & Flour,Perambalur,9/29/2018,South,1938.0,0.11,639.54,Tamil Nadu
OD4218,,,Fish,,,South,,0.27,44.04,Tamil Nadu
OD4219,Harish,Fruits & Veggies,,,11/22/2016,South,2377.0,0.32,,
OD4220,Shah,Oil & Masala,Masalas,Perambalur,10-10-2016,South,2328.0,,675.12,
,Sudeep,Snacks,,,,South,,0.19,244.44,Tamil Nadu
OD4223,Haseena,"Eggs, Meat & Fish",,Vellore,,South,,0.12,249.44,Tamil Nadu
OD4224,Sheeba,"Eggs, Meat & Fish",Mutton,Virudhunagar,12/20/2015,South,2088.0,0.14,375.84,Tamil Nadu
OD4226,Ganesh,Bakery,Breads & Buns,,12/23/2018,South,1736.0,,295.12,Tamil Nadu
OD4227,Vinne,Bakery,,,,South,758.0,0.1,,Tamil Nadu
OD4228,Mathew,,Biscuits,,11/17/2018,South,,,52.56,
,Sharon,Food Grains,,,4/16/2017,South,790.0,0.32,,
OD4231,Vince,Food Grains,Dals & Pulses,Dindigul,11/13/2017,South,1095.0,0.28,153.3,
OD4232,,Bakery,Breads & Buns,Tenkasi,10-09-2016,South,1919.0,0.31,230.28,Tamil Nadu
OD4233,,Fruits & Veggies,Fresh Vegetables,Ooty,,South,,0.21,,
OD4234,Sudeep,Snacks,Cookies,Madurai,1/17/2016,South,,0.14,,Tamil Nadu
OD4235,Amy,Beverages,Health Drinks,Karur,09-02-2017,South,1970.0,,137.9,Tamil Nadu
OD4236,Yusuf,"Eggs, Meat & Fish",Eggs,Virudhunagar,11-03-2015,South,2092.0,0.11,188.28,Tamil Nadu
OD4237,,Food Grains,Atta & Flour,Coimbatore,3/21/2016,South,1964.0,0.27,255.32,Tamil Nadu
OD4238,Vidya,Fruits & Veggies,Fresh Vegetables,Vellore,06-06-2015,South,2327.0,0.21,814.45,Tamil Nadu
OD4239,Veena,Bakery,Cakes,Chennai,,South,1179.0,0.16,389.07,
OD4240,Veronica,Beverages,Soft Drinks,,12-11-2016,South,2281.0,0.26,,Tamil Nadu
OD4241,,Food Grains,Rice,Krishnagiri,10-09-2016,South,2053.0,0.28,225.83,
OD4242,,Fruits & Veggies,Organic Fruits,Ooty,10-09-2016,South,,,862.05,Tamil Nadu
,Arvind,Oil & Masala,Masalas,,11-03-2018,South,761.0,0.23,197.86,Tamil Nadu
OD4244,Roshan,Snacks,Chocolates,Vellore,,South,2183.0,0.17,109.15,
OD4245,,"Eggs, Meat & Fish",Fish,Viluppuram,5/20/2017,South,1988.0,0.32,258.44,Tamil Nadu
OD4246,Ridhesh,Fruits & Veggies,Organic Vegetables,,02-02-2015,South,525.0,,52.5,
,Jonas,,Noodles,Cumbum,09-06-2017,South,915.0,,155.55,Tamil Nadu
OD4248,Malik,,Soft Drinks,,11-04-2018,South,1875.0,0.33,412.5,Tamil Nadu
OD4249,Adavan,Snacks,Cookies,Coimbatore,1/14/2018,South,770.0,0.22,300.3,Tamil Nadu
,Suresh,Snacks,,Kanyakumari,,South,1023.0,,214.83,Tamil Nadu
OD4252,Amy,,Cakes,Chennai,01-07-2018,South,1654.0,0.22,330.8,Tamil Nadu
,Amrish,Bakery,Biscuits,Tenkasi,06-03-2018,South,1107.0,0.14,265.68,Tamil Nadu
OD4254,Ramesh,"Eggs, Meat & Fish",Mutton,Vellore,12-04-2016,South,1179.0,0.27,436.23,Tamil Nadu
OD4255,,Fruits & Veggies,Fresh Vegetables,Pudukottai,7/29/2017,South,1386.0,0.16,277.2,Tamil Nadu
OD4256,,Snacks,,,3/21/2016,South,624.0,0.11,274.56,Tamil Nadu
OD4258,Esther,Beverages,Health Drinks,Virudhunagar,11/20/2016,South,665.0,,146.3,Tamil Nadu
OD4261,,,Edible Oil & Ghee,Karur,9/13/2016,South,1513.0,0.29,453.9,
OD4262,Haseena,Fruits & Veggies,Organic Fruits,Karur,5/20/2016,South,980.0,,186.2,
,,Snacks,Noodles,,06-09-2016,South,2264.0,0.33,520.72,
OD4264,Ridhesh,Beverages,Health Drinks,Ramanadhapuram,,South,1074.0,0.16,289.98,
,Yusuf,Oil & Masala,Spices,Perambalur,10/28/2017,South,1754.0,,561.28,Tamil Nadu
OD4266,Ram,Food Grains,Dals & Pulses,Dindigul,,South,1817.0,0.19,763.14,Tamil Nadu
OD4268,Veronica,Fruits & Veggies,Fresh Fruits,,,South,1196.0,0.32,382.72,Tamil Nadu
OD4269,Vinne,"Eggs, Meat & Fish",Eggs,,1/14/2018,South,1640.0,0.24,114.8,Tamil Nadu
,,Fruits & Veggies,Fresh Fruits,Kanyakumari,11/13/2016,South,1960.0,0.1,235.2,Tamil Nadu
OD4271,Muneer,Oil & Masala,Edible Oil & Ghee,,12-03-2018,South,601.0,0.27,30.05,
,Arvind,Beverages,,,,South,1094.0,,,Tamil Nadu
OD4273,Willams,,Organic Vegetables,Ooty,9/20/2016,South,642.0,,166.92,Tamil Nadu
OD4274,,Bakery,Cakes,Ramanadhapuram,,South,,0.28,505.68,Tamil Nadu
OD4275,Ravi,Beverages,Soft Drinks,Dindigul,,South,585.0,0.33,,Tamil Nadu
OD4276,Peer,Bakery,Cakes,,01-08-2017,South,1261.0,0.27,75.66,Tamil Nadu
OD4277,Ridhesh,Snacks,Cookies,,9/22/2017,South,1783.0,0.27,499.24,Tamil Nadu
OD4872,Sheeba,Bakery,Cakes,Virudhunagar,11/25/2017,South,1447.0,0.17,115.76,Tamil Nadu
OD4873,Amy,,Health Drinks,,,South,1726.0,0.34,120.82,Tamil Nadu
OD4874,Malik,Oil & Masala,Masalas,,,South,,,31.44,Tamil Nadu
OD4876,Shah,Snacks,Noodles,,11-05-2017,South,2075.0,0.23,622.5,Tamil Nadu
OD4877,Anu,"Eggs, Meat & Fish",Eggs,,12/21/2018,South,638.0,0.29,,Tamil Nadu
OD4878,Akash,Food Grains,Rice,Bodi,9/22/2018,South,2403.0,,1033.29,Tamil Nadu
OD4879,Shree,Bakery,Biscuits,Ooty,1/15/2015,South,1883.0,0.1,301.28,Tamil Nadu
OD4880,,,Biscuits,Virudhunagar,06-06-2017,South,1613.0,0.28,419.38,
OD4881,,Bakery,Biscuits,,,South,1127.0,0.34,,Tamil Nadu
,Veena,Bakery,Breads & Buns,Coimbatore,08-12-2015,South,994.0,0.34,,Tamil Nadu
OD4883,Komal,Snacks,Chocolates,Pudukottai,,South,1159.0,,220.21,Tamil Nadu
OD4887,,,Fish,,12/21/2016,South,1480.0,,621.6,
OD4888,Anu,,Organic Fruits,Krishnagiri,08-01-2018,South,2415.0,,869.4,Tamil Nadu
OD4890,,Bakery,Biscuits,Madurai,12/25/2018,South,1958.0,0.34,724.46,Tamil Nadu
OD4891,Ridhesh,,Cakes,Ooty,06-09-2017,South,1539.0,0.11,430.92,
OD4964,Esther,Fruits & Veggies,Fresh Vegetables,Nagercoil,7/14/2017,South,1343.0,0.25,,Tamil Nadu
,Ram,Snacks,Chocolates,Viluppuram,,South,2268.0,0.24,1020.6,Tamil Nadu
OD4966,Shah,Fruits & Veggies,Organic Vegetables,Perambalur,02-07-2017,South,,0.19,1084.6,Tamil Nadu
OD4967,Mathew,Snacks,Noodles,Karur,11/30/2017,South,,0.1,765.45,Tamil Nadu
OD4969,Aditi,Bakery,,Theni,10-08-2015,South,,,564.9,Tamil Nadu
,Yadav,Fruits & Veggies,Organic Fruits,Theni,05-06-2018,South,1061.0,0.24,318.3,Tamil Nadu
OD4971,Sudha,Fruits & Veggies,Organic Fruits,Theni,07-08-2017,South,2473.0,0.25,,Tamil Nadu
OD4972,,"Eggs, Meat & Fish",Fish,,3/22/2016,South,1289.0,0.17,,Tamil Nadu
OD4973,Haseena,,,Tirunelveli,10/23/2016,South,1303.0,0.32,547.26,Tamil Nadu
,Amy,Bakery,Cakes,Cumbum,,South,846.0,0.35,42.3,Tamil Nadu
OD5079,Vinne,,Spices,Trichy,4/30/2015,South,760.0,0.29,,
OD5081,,Snacks,Noodles,Cumbum,2/17/2018,South,1050.0,0.19,472.5,
,Amy,Fruits & Veggies,,Salem,,South,1265.0,0.34,392.15,Tamil Nadu
OD5084,Ganesh,Fruits & Veggies,Fresh Vegetables,Theni,,South,1949.0,0.31,,
OD5085,Shah,,Organic Staples,Kanyakumari,11-08-2016,South,2353.0,0.17,1011.79,Tamil Nadu
OD5086,Suresh,Fruits & Veggies,Fresh Fruits,Coimbatore,3/27/2018,South,2200.0,0.27,902.0,Tamil Nadu
OD5087,Vince,Food Grains,,Nagercoil,12-06-2016,South,2053.0,0.23,739.08,
OD5089,Alan,"Eggs, Meat & Fish",Chicken,Coimbatore,,South,2415.0,0.15,120.75,Tamil Nadu
,James,Oil & Masala,,,05-02-2015,South,537.0,0.34,53.7,Tamil Nadu
,Peer,Beverages,Soft Drinks,Pudukottai,04-11-2015,South,1867.0,0.24,448.08,Tamil Nadu
OD5093,,,Dals & Pulses,Madurai,7/29/2018,South,2298.0,0.18,505.56,Tamil Nadu
OD5094,Veena,Oil & Masala,Masalas,Coimbatore,04-11-2015,South,682.0,0.31,170.5,
OD5095,Aditi,,Cakes,Salem,8/23/2018,South,,0.35,935.44,
OD5401,Malik,Snacks,Cookies,Ramanadhapuram,,South,,0.13,,Tamil Nadu
OD5402,Sundar,Oil & Masala,Spices,Ooty,5/22/2015,South,1798.0,0.19,179.8,Tamil Nadu
,Harish,Oil & Masala,Spices,Perambalur,6/26/2017,South,785.0,0.11,164.85,Tamil Nadu
OD5404,Ram,Beverages,Health Drinks,,12/25/2017,South,1411.0,0.26,606.73,Tamil Nadu
OD5406,Sharon,Bakery,Cakes,Salem,5/26/2018,South,1885.0,0.26,320.45,
OD5407,Willams,"Eggs, Meat & Fish",Mutton,,5/22/2015,South,,0.31,,Tamil Nadu
OD5408,Sabeela,Beverages,Health Drinks,Namakkal,9/29/2017,South,,0.18,129.8,Tamil Nadu
,Verma,Bakery,Biscuits,Cumbum,,South,,0.22,,Tamil Nadu
OD5410,Alan,,Breads & Buns,Karur,02-11-2015,South,1774.0,0.17,,Tamil Nadu
OD5411,Peer,Oil & Masala,Masalas,,12/24/2018,South,,0.25,425.46,Tamil Nadu
OD5414,Anu,"Eggs, Meat & Fish",Chicken,Coimbatore,5/19/2018,South,,,1061.28,
OD5415,Haseena,Bakery,,Virudhunagar,07-03-2018,South,1941.0,0.12,737.58,Tamil Nadu
OD5416,Malik,Bakery,Breads & Buns,Vellore,06-02-2015,South,2114.0,0.23,274.82,Tamil Nadu
OD5417,Suresh,Food Grains,Rice,Vellore,8/24/2016,South,1719.0,0.25,154.71,Tamil Nadu
OD5419,Mathew,"Eggs, Meat & Fish",Eggs,,5/31/2015,South,2075.0,,,Tamil Nadu
OD5420,,,Organic Vegetables,Bodi,5/31/2015,South,1597.0,0.31,702.68,Tamil Nadu
OD5421,Ridhesh,Beverages,Health Drinks,Ramanadhapuram,9/21/2016,South,,,,Tamil Nadu
OD5422,Rumaiza,Bakery,Cakes,Karur,6/18/2016,South,1546.0,0.13,680.24,Tamil Nadu
OD5423,,Beverages,Soft Drinks,Madurai,5/19/2018,South,1490.0,0.18,387.4,Tamil Nadu
OD5425,Jackson,"Eggs, Meat & Fish",Chicken,Coimbatore,,South,2454.0,0.18,,Tamil Nadu
OD5426,Surya,Snacks,Cookies,Cumbum,,South,2295.0,0.22,665.55,
OD5427,Jonas,"Eggs, Meat & Fish",Fish,Cumbum,9/17/2017,South,1139.0,0.11,,Tamil Nadu
OD5428,,"Eggs, Meat & Fish",Eggs,Salem,,South,1281.0,0.29,384.3,Tamil Nadu
OD5430,Muneer,Beverages,Health Drinks,Nagercoil,7/21/2018,South,,0.3,682.8,
OD5431,Vinne,Fruits & Veggies,Organic Vegetables,,12-12-2017,South,2014.0,0.35,422.94,Tamil Nadu
OD5432,,Bakery,Biscuits,Cumbum,9/19/2017,South,677.0,0.25,54.16,Tamil Nadu
OD5433,Sudha,Fruits & Veggies,Fresh Fruits,Kanyakumari,09-04-2016,South,671.0,0.2,87.23,
OD5434,Aditi,Bakery,Cakes,Virudhunagar,4/21/2016,South,,0.11,882.73,Tamil Nadu
,Yadav,,,Perambalur,9/21/2016,South,2064.0,0.16,,Tamil Nadu
OD5436,,Snacks,Noodles,Krishnagiri,12-10-2016,South,625.0,0.25,168.75,
,Rumaiza,,,Dindigul,06-11-2016,South,765.0,0.24,,Tamil Nadu
OD5438,Anu,"Eggs, Meat & Fish",Mutton,,8/24/2016,South,1490.0,0.27,238.4,Tamil Nadu
OD5440,Jonas,"Eggs, Meat & Fish",,,06-01-2015,South,2318.0,0.29,324.52,Tamil Nadu
OD5442,Suresh,Food Grains,,,1/26/2018,South,1328.0,,252.32,Tamil Nadu
OD5443,,Snacks,Cookies,Kanyakumari,,South,2142.0,0.15,599.76,Tamil Nadu
OD5444,Roshan,Food Grains,Rice,Trichy,09-11-2017,South,1639.0,,442.53,Tamil Nadu
,,Food Grains,Atta & Flour,Theni,,South,1867.0,0.26,578.77,Tamil Nadu
OD5446,Malik,,Breads & Buns,Ooty,9/27/2016,South,594.0,0.12,,Tamil Nadu
OD5448,Vidya,,,Kanyakumari,10/14/2017,South,1279.0,0.1,473.23,
OD5449,,Food Grains,Atta & Flour,,11/27/2017,South,2384.0,0.16,381.44,Tamil Nadu
OD5451,,Beverages,Health Drinks,Perambalur,,South,2237.0,0.34,,Tamil Nadu
OD5452,Sudha,,Cookies,Nagercoil,9/17/2015,South,743.0,,,Tamil Nadu
,Sheeba,Snacks,Noodles,Krishnagiri,12/22/2018,South,1096.0,0.15,,Tamil Nadu
OD5454,Yusuf,Snacks,Noodles,Dindigul,8/13/2018,South,1827.0,0.29,383.67,Tamil Nadu
OD5455,Ravi,Food Grains,Organic Staples,Ooty,11-03-2018,South,2005.0,0.14,761.9,Tamil Nadu
OD5456,Ganesh,,Mutton,Tirunelveli,4/28/2018,South,1309.0,0.14,562.87,
OD5457,Ravi,Snacks,Cookies,Dindigul,06-12-2016,South,1289.0,0.19,206.24,Tamil Nadu
,Ravi,Beverages,Health Drinks,Viluppuram,12-08-2017,South,1291.0,0.35,516.4,Tamil Nadu
OD5459,Sudeep,Beverages,,Dharmapuri,,South,2137.0,0.17,384.66,Tamil Nadu
OD5460,Sudha,,Health Drinks,Coimbatore,01-08-2017,South,754.0,,67.86,Tamil Nadu
OD5462,Kumar,,Fish,Tirunelveli,9/17/2016,South,2129.0,0.28,638.7,Tamil Nadu
OD5463,Jonas,Oil & Masala,,Theni,11/30/2018,South,1642.0,0.25,213.46,Tamil Nadu
,Shree,Snacks,,Cumbum,11-04-2018,South,,,259.98,Tamil Nadu
OD5468,Willams,Food Grains,Dals & Pulses,,6/21/2016,South,1769.0,0.24,778.36,Tamil Nadu
OD5469,Amy,Snacks,Noodles,Bodi,10/23/2018,South,2453.0,0.28,883.08,Tamil Nadu
,Alan,"Eggs, Meat & Fish",Eggs,Ramanadhapuram,,South,986.0,0.33,,Tamil Nadu
,Vinne,Snacks,,Coimbatore,4/25/2015,South,1553.0,,543.55,Tamil Nadu
OD5472,,Beverages,Health Drinks,Cumbum,12-09-2017,South,,0.16,462.25,
OD5473,Ridhesh,Bakery,Biscuits,,09-08-2017,South,2386.0,0.22,,Tamil Nadu
OD5474,Adavan,Food Grains,Dals & Pulses,Viluppuram,,South,1764.0,0.33,546.84,Tamil Nadu
OD5475,Ravi,Food Grains,Organic Staples,Ramanadhapuram,,South,1913.0,0.12,153.04,Tamil Nadu
OD5476,Aditi,Food Grains,,Virudhunagar,12-01-2015,South,2306.0,,392.02,Tamil Nadu
OD5477,Anu,"Eggs, Meat & Fish",,Nagercoil,11/13/2016,South,1939.0,0.21,814.38,Tamil Nadu
OD5481,Komal,,Masalas,Krishnagiri,,South,,,309.12,Tamil Nadu
OD5482,Mathew,Snacks,Chocolates,Chennai,02-02-2015,South,,0.16,153.0,
OD5483,Amrish,Food Grains,Rice,Tenkasi,,South,1549.0,,480.19,Tamil Nadu
OD5484,Hussain,Snacks,Cookies,Virudhunagar,8/15/2017,South,1257.0,0.11,75.42,
OD5485,,Oil & Masala,Masalas,Madurai,11-04-2018,South,1976.0,0.29,197.6,Tamil Nadu
OD5486,Ganesh,"Eggs, Meat & Fish",Chicken,Madurai,09-09-2015,South,1379.0,,,Tamil Nadu
OD5487,Hussain,"Eggs, Meat & Fish",,,12-04-2018,South,2208.0,0.1,794.88,Tamil Nadu
OD5488,Hafiz,Food Grains,,Vellore,9/19/2015,South,1130.0,0.35,406.8,Tamil Nadu
OD5686,Amrish,Bakery,Biscuits,Vellore,,South,2416.0,0.23,241.6,Tamil Nadu
,Ridhesh,Beverages,Health Drinks,Perambalur,,South,2427.0,0.25,946.53,Tamil Nadu
OD5689,Yusuf,Oil & Masala,,Cumbum,7/15/2018,South,1940.0,0.29,737.2,Tamil Nadu
OD5690,Haseena,Food Grains,Rice,Ooty,8/27/2015,South,528.0,,232.32,Tamil Nadu
,Veena,Food Grains,,,,South,2091.0,,104.55,Tamil Nadu
OD5692,,,Biscuits,Tirunelveli,12-05-2016,South,2422.0,0.27,678.16,Tamil Nadu
,,Food Grains,,Cumbum,11-06-2017,South,1311.0,0.35,157.32,Tamil Nadu
,Vidya,Food Grains,,Ooty,07-05-2015,South,568.0,,,Tamil Nadu
OD5695,Vidya,Beverages,Soft Drinks,Nagercoil,11/30/2016,South,1715.0,0.35,,Tamil Nadu
OD5696,Ram,Bakery,Biscuits,Bodi,05-09-2018,South,1106.0,,210.14,Tamil Nadu
OD5697,Aditi,Snacks,Chocolates,Tenkasi,06-11-2016,South,,,298.49,Tamil Nadu
OD5698,,Fruits & Veggies,Fresh Vegetables,Karur,3/19/2015,South,,0.28,230.72,Tamil Nadu
,Aditi,Beverages,Soft Drinks,Tenkasi,,South,2306.0,0.14,,Tamil Nadu
OD5702,Malik,Beverages,Health Drinks,Dindigul,06-11-2016,South,1447.0,0.35,202.58,Tamil Nadu
OD5703,Veena,"Eggs, Meat & Fish",,Chennai,07-02-2016,South,,0.13,690.2,Tamil Nadu
OD5704,Aditi,"Eggs, Meat & Fish",Chicken,Perambalur,,South,1840.0,0.32,239.2,Tamil Nadu
OD5753,Alan,Oil & Masala,Masalas,Cumbum,,South,1317.0,0.31,263.4,
,Anu,Snacks,Cookies,Chennai,,South,2458.0,,467.02,Tamil Nadu
OD5827,Arutra,Beverages,Soft Drinks,Nagercoil,11/28/2017,South,1979.0,0.18,435.38,
OD5828,,Fruits & Veggies,Fresh Fruits,Vellore,,South,2271.0,0.11,817.56,Tamil Nadu
OD5829,,,Fresh Vegetables,Bodi,11/28/2015,South,1254.0,,539.22,Tamil Nadu
OD5830,Jackson,Food Grains,,Coimbatore,10/18/2015,South,2067.0,0.25,826.8,
OD5831,Harish,Oil & Masala,Masalas,Tirunelveli,3/20/2017,South,665.0,0.24,146.3,Tamil Nadu
OD5832,Amrish,Food Grains,Organic Staples,Viluppuram,,South,1900.0,0.28,475.0,
OD5833,Vinne,Food Grains,Dals & Pulses,,04-01-2018,South,1100.0,0.21,,Tamil Nadu
OD5834,Vinne,Oil & Masala,,Ooty,,South,2407.0,0.22,,Tamil Nadu
OD5835,,,,,7/17/2016,South,1517.0,0.22,166.87,Tamil Nadu
OD5836,,,Cakes,Perambalur,,South,1944.0,0.28,311.04,Tamil Nadu
OD5837,Malik,,,Krishnagiri,12/16/2015,South,1328.0,0.12,,Tamil Nadu
OD5838,Vinne,,,Perambalur,12-09-2017,South,1842.0,,313.14,Tamil Nadu
OD6064,Amy,Food Grains,Dals & Pulses,Tirunelveli,,South,1943.0,0.19,174.87,Tamil Nadu
OD6065,,Bakery,Cakes,Tenkasi,3/27/2017,South,,0.11,516.88,Tamil Nadu
OD6066,Kumar,,Chocolates,,12/14/2016,South,871.0,0.18,330.98,Tamil Nadu
OD6067,,Beverages,Health Drinks,Coimbatore,12-10-2018,South,1384.0,0.32,346.0,Tamil Nadu
OD6068,Adavan,Oil & Masala,Masalas,Ramanadhapuram,,South,1664.0,0.35,682.24,
,Hafiz,Snacks,Cookies,Virudhunagar,7/25/2016,South,,,190.44,
OD6070,,"Eggs, Meat & Fish",Chicken,Cumbum,6/23/2016,South,,0.2,591.02,Tamil Nadu
,,Food Grains,Dals & Pulses,Virudhunagar,09-12-2017,South,1697.0,0.3,,Tamil Nadu
OD6074,Surya,Oil & Masala,Spices,,9/18/2018,South,,0.21,147.6,Tamil Nadu
OD6075,Sheeba,Bakery,,,10/22/2015,South,1852.0,,203.72,
OD6076,Jackson,Snacks,Noodles,Ramanadhapuram,,South,2448.0,,709.92,Tamil Nadu
OD6077,Vince,,Organic Fruits,Tenkasi,10/18/2015,South,832.0,,41.6,Tamil Nadu
OD6078,James,Fruits & Veggies,Organic Fruits,Tirunelveli,4/20/2016,South,890.0,0.29,356.0,Tamil Nadu
OD6079,Ram,Bakery,Cakes,Kanyakumari,04-08-2018,South,1954.0,0.2,449.42,Tamil Nadu
OD6080,,Snacks,Chocolates,Chennai,09-08-2016,South,1355.0,0.26,,
OD6081,Akash,,Health Drinks,Bodi,04-08-2015,South,1955.0,,97.75,
OD6083,Vince,,Organic Fruits,,8/20/2015,South,,0.32,622.44,Tamil Nadu
OD6084,Kumar,Snacks,,Virudhunagar,01-04-2016,South,1082.0,0.27,238.04,Tamil Nadu
OD6087,Esther,Food Grains,Rice,,11-08-2016,South,1406.0,,435.86,Tamil Nadu
OD6088,Vinne,Snacks,Noodles,Krishnagiri,,South,1626.0,0.32,715.44,Tamil Nadu
OD6089,Komal,Fruits & Veggies,,Dindigul,12/27/2016,South,630.0,0.35,176.4,Tamil Nadu
OD6090,Ravi,,Rice,,,South,,,,Tamil Nadu
OD6091,,Bakery,,Vellore,07-05-2016,South,2127.0,0.22,914.61,Tamil Nadu
OD6092,Roshan,Food Grains,Atta & Flour,Theni,9/20/2017,South,2410.0,0.28,915.8,
OD6093,Akash,Fruits & Veggies,Organic Fruits,Coimbatore,06-04-2018,South,1831.0,0.24,,Tamil Nadu
OD6094,Jackson,Food Grains,Atta & Flour,,6/30/2018,South,1870.0,,598.4,Tamil Nadu
OD6095,Sharon,Fruits & Veggies,Organic Fruits,,6/26/2018,South,930.0,0.11,,Tamil Nadu
OD6096,Sudha,Oil & Masala,,,11-12-2016,South,1599.0,0.19,271.83,
OD6097,Malik,"Eggs, Meat & Fish",Mutton,Coimbatore,11-05-2016,South,,,60.69,Tamil Nadu
,,Beverages,Soft Drinks,Bodi,06-08-2015,South,537.0,0.17,182.58,Tamil Nadu
OD6100,Peer,Beverages,Health Drinks,Madurai,,South,1644.0,0.29,657.6,
OD6101,Jackson,Bakery,Cakes,Viluppuram,03-12-2016,South,816.0,0.19,367.2,Tamil Nadu
,Alan,Fruits & Veggies,,Virudhunagar,05-01-2016,South,1983.0,0.14,,Tamil Nadu
OD6103,,Fruits & Veggies,Fresh Fruits,,12/27/2016,South,,0.26,187.59,Tamil Nadu
,Vinne,Bakery,,Kanyakumari,02-06-2017,South,,0.11,116.62,Tamil Nadu
OD6107,Ridhesh,Fruits & Veggies,Fresh Fruits,Namakkal,6/15/2018,South,2189.0,,525.36,
,Hussain,Food Grains,,Nagercoil,11-12-2016,South,1842.0,0.26,,Tamil Nadu
OD6109,Haseena,"Eggs, Meat & Fish",Eggs,,,South,808.0,0.1,177.76,Tamil Nadu
OD6111,Sundar,Oil & Masala,Masalas,Krishnagiri,11-04-2017,South,,0.25,860.18,Tamil Nadu
OD6112,Sabeela,Bakery,Cakes,Krishnagiri,06-08-2016,South,,0.33,273.53,Tamil Nadu
,,Snacks,Cookies,Vellore,4/14/2018,South,1071.0,0.11,74.97,
OD6114,Shree,Food Grains,Organic Staples,,5/28/2017,South,1472.0,0.1,73.6,Tamil Nadu
,Suresh,Snacks,Noodles,Perambalur,4/30/2018,South,1224.0,0.12,489.6,Tamil Nadu
OD6116,Sudeep,Snacks,Cookies,Cumbum,11/26/2016,South,2219.0,,,Tamil Nadu
OD6117,Komal,Fruits & Veggies,Organic Fruits,,6/15/2018,South,1344.0,0.21,362.88,Tamil Nadu
OD6118,Hafiz,,Rice,Viluppuram,10/16/2018,South,1468.0,0.16,528.48,Tamil Nadu
OD6119,Willams,"Eggs, Meat & Fish",Fish,,12-11-2018,South,725.0,0.35,253.75,Tamil Nadu
OD6120,,,Breads & Buns,,08-12-2017,South,,0.2,348.6,Tamil Nadu
OD6363,Hafiz,"Eggs, Meat & Fish",Fish,Dindigul,05-05-2015,South,1173.0,0.32,527.85,Tamil Nadu
OD6364,Malik,Bakery,,Bodi,11/14/2016,South,,,327.76,Tamil Nadu
,Verma,Oil & Masala,Masalas,Ooty,,South,2045.0,0.25,633.95,Tamil Nadu
OD6366,Yusuf,Oil & Masala,Edible Oil & Ghee,,08-05-2018,South,660.0,0.24,118.8,Tamil Nadu
OD6367,,Beverages,Health Drinks,,7/15/2018,South,1925.0,0.35,269.5,Tamil Nadu
OD6368,Adavan,Oil & Masala,,,3/28/2017,South,1239.0,,446.04,Tamil Nadu
OD6369,Roshan,"Eggs, Meat & Fish",Chicken,Ramanadhapuram,5/26/2018,South,586.0,0.25,134.78,Tamil Nadu
OD6371,,"Eggs, Meat & Fish",Chicken,Nagercoil,11/14/2016,South,1858.0,0.32,798.94,Tamil Nadu
OD6372,Arvind,Snacks,Chocolates,,7/15/2018,South,650.0,0.18,234.0,
OD6373,,Food Grains,,Tirunelveli,,South,1243.0,0.31,385.33,Tamil Nadu
OD6374,,Bakery,Breads & Buns,Nagercoil,11/26/2017,South,2481.0,,,Tamil Nadu
OD6375,Vidya,Fruits & Veggies,Organic Vegetables,Pudukottai,02-06-2016,South,1725.0,0.24,483.0,
OD6376,Ridhesh,"Eggs, Meat & Fish",,Vellore,02-06-2015,South,2477.0,0.34,123.85,Tamil Nadu
OD6377,Amrish,,,Viluppuram,4/16/2018,South,807.0,0.34,153.33,Tamil Nadu
,Amrish,Beverages,Soft Drinks,Madurai,02-01-2017,South,1355.0,0.14,135.5,Tamil Nadu
OD6383,Ravi,Snacks,Chocolates,Dindigul,09-03-2017,South,927.0,,,Tamil Nadu
OD6384,Krithika,Food Grains,,,8/27/2018,South,,0.24,46.6,Tamil Nadu
OD6385,Hafiz,Beverages,Health Drinks,Trichy,,South,1838.0,,514.64,Tamil Nadu
OD6386,Suresh,Fruits & Veggies,Organic Fruits,Karur,06-11-2016,South,,0.22,165.24,Tamil Nadu
OD6387,Verma,Bakery,Biscuits,Viluppuram,,South,,0.13,835.49,Tamil Nadu
OD6388,,Fruits & Veggies,Organic Fruits,,11-06-2017,South,1460.0,0.11,146.0,Tamil Nadu
,Willams,"Eggs, Meat & Fish",,Krishnagiri,,South,,,64.98,Tamil Nadu
OD6392,Ram,Beverages,Health Drinks,Vellore,05-09-2018,South,609.0,0.12,36.54,Tamil Nadu
OD6394,Amy,Fruits & Veggies,Fresh Vegetables,Tirunelveli,05-05-2017,South,,,253.98,Tamil Nadu
,,Beverages,Health Drinks,Karur,9/14/2018,South,1035.0,0.17,414.0,
OD6398,Amrish,,Cakes,Theni,3/19/2015,South,1818.0,0.14,472.68,Tamil Nadu
,Mathew,Food Grains,Atta & Flour,,6/18/2016,South,1769.0,0.18,760.67,
OD6400,Shah,"Eggs, Meat & Fish",Fish,Theni,,South,1113.0,0.3,434.07,Tamil Nadu
OD6401,Veronica,Oil & Masala,Masalas,,8/13/2016,South,2213.0,0.25,287.69,Tamil Nadu
,,Fruits & Veggies,Fresh Fruits,Krishnagiri,07-02-2016,South,,0.31,350.52,Tamil Nadu
,Ram,,Health Drinks,,4/15/2018,South,,0.17,129.35,Tamil Nadu
OD6405,,Beverages,Health Drinks,,6/18/2016,South,,0.35,289.94,Tamil Nadu
,Suresh,Food Grains,Atta & Flour,Tenkasi,06-11-2016,South,1056.0,0.16,232.32,Tamil Nadu
OD6407,,"Eggs, Meat & Fish",Eggs,,,South,2221.0,,932.82,
OD6408,,Bakery,,,07-05-2015,South,,0.12,180.31,Tamil Nadu
OD6410,Sudeep,Snacks,Chocolates,,01-02-2018,South,2081.0,0.15,749.16,Tamil Nadu
OD6521,Arutra,,Cakes,Coimbatore,03-05-2018,South,1791.0,,501.48,Tamil Nadu
,Amrish,Bakery,Breads & Buns,Ooty,05-09-2015,South,1904.0,0.19,171.36,Tamil Nadu
OD6525,,Oil & Masala,Spices,Theni,05-09-2015,South,2357.0,0.3,707.1,Tamil Nadu
OD6526,,Bakery,,Namakkal,03-05-2018,South,2400.0,,,Tamil Nadu
OD6527,Sharon,"Eggs, Meat & Fish",Fish,Krishnagiri,05-09-2015,South,1343.0,0.19,120.87,Tamil Nadu
OD6528,Hussain,"Eggs, Meat & Fish",,Kanyakumari,9/15/2016,South,2216.0,0.34,,Tamil Nadu
OD6529,Mathew,Bakery,Biscuits,Karur,9/15/2016,South,,0.19,,Tamil Nadu
OD6715,,Snacks,Noodles,Krishnagiri,1/26/2018,South,,0.1,,Tamil Nadu
,,Oil & Masala,,Viluppuram,12/14/2016,South,,0.31,,Tamil Nadu
OD6720,Surya,,,,08-07-2016,South,1090.0,0.35,65.4,Tamil Nadu
OD6721,Muneer,Fruits & Veggies,,Pudukottai,12/23/2018,South,,0.3,290.34,
OD6722,Krithika,Oil & Masala,,Perambalur,04-05-2015,South,,0.27,77.56,Tamil Nadu
,,,Organic Fruits,Dharmapuri,03-11-2015,South,,0.14,984.41,Tamil Nadu
OD6725,Sudeep,Oil & Masala,Masalas,Chennai,,South,550.0,0.23,104.5,Tamil Nadu
OD6728,Shah,Snacks,Noodles,Vellore,,South,,,,Tamil Nadu
OD6729,Aditi,,Edible Oil & Ghee,Cumbum,5/15/2016,South,2151.0,0.27,881.91,Tamil Nadu
OD6730,Sabeela,Bakery,Cakes,Salem,03-11-2015,South,2381.0,0.27,,Tamil Nadu
OD6732,Jonas,Oil & Masala,Masalas,Vellore,,South,2419.0,0.12,,Tamil Nadu
OD6733,Ram,,Organic Staples,Ramanadhapuram,8/24/2015,South,501.0,0.28,65.13,
OD6734,Arvind,"Eggs, Meat & Fish",Chicken,Madurai,11/28/2015,South,,0.16,,Tamil Nadu
,Yadav,Snacks,Cookies,Salem,12/31/2016,South,1418.0,0.11,,
OD6737,Ramesh,Bakery,Breads & Buns,Namakkal,,South,591.0,0.34,65.01,Tamil Nadu
OD6738,Shah,Fruits & Veggies,Organic Fruits,Trichy,12/23/2018,South,1375.0,0.32,,Tamil Nadu
OD6739,Harish,,Fresh Fruits,Karur,12/23/2018,South,2342.0,,,Tamil Nadu
OD6740,Sudeep,,,Nagercoil,,South,,0.11,411.73,Tamil Nadu
OD6743,Peer,"Eggs, Meat & Fish",Chicken,Ooty,7/16/2017,South,996.0,0.28,239.04,Tamil Nadu
OD6748,Peer,,Edible Oil & Ghee,Coimbatore,11/28/2017,South,2139.0,0.11,,Tamil Nadu
OD6751,Amy,"Eggs, Meat & Fish",Mutton,Coimbatore,1/26/2018,South,2086.0,,,Tamil Nadu
OD6753,Roshan,,Soft Drinks,Tenkasi,04-05-2015,South,1471.0,0.27,,Tamil Nadu
OD6754,Sudeep,Fruits & Veggies,Organic Fruits,Dindigul,11/28/2015,South,980.0,,49.0,Tamil Nadu
OD6755,Ram,,Soft Drinks,Perambalur,11/24/2018,South,1457.0,0.33,291.4,Tamil Nadu
OD6759,Ram,,Masalas,Perambalur,11-04-2017,South,1787.0,,607.58,Tamil Nadu
OD6760,Adavan,Fruits & Veggies,Fresh Vegetables,Chennai,11-04-2017,South,,0.11,257.04,Tamil Nadu
,Veena,,,,04-01-2018,South,,0.1,340.89,Tamil Nadu
OD6762,Arvind,Bakery,Breads & Buns,Chennai,,South,664.0,,,Tamil Nadu
OD6763,Haseena,Bakery,Cakes,,11-04-2015,South,1669.0,0.25,634.22,Tamil Nadu
OD6764,Malik,Oil & Masala,Edible Oil & Ghee,Viluppuram,04-01-2018,South,952.0,0.28,,Tamil Nadu
OD6765,Krithika,,Rice,Viluppuram,,South,668.0,0.24,273.88,Tamil Nadu
OD6766,Yadav,Beverages,Soft Drinks,Krishnagiri,09-07-2016,South,510.0,0.22,132.6,Tamil Nadu
OD6767,Peer,Snacks,Cookies,Tirunelveli,03-04-2017,South,,0.22,403.0,Tamil Nadu
OD6768,Peer,Snacks,Chocolates,Tenkasi,11/18/2018,South,638.0,,236.06,Tamil Nadu
OD6770,,Fruits & Veggies,,Karur,11-04-2015,South,1273.0,0.1,,Tamil Nadu
,,,Noodles,Theni,11/18/2018,South,,0.33,286.52,Tamil Nadu
,Akash,,,Ooty,5/26/2017,South,1063.0,0.27,265.75,Tamil Nadu
OD6773,Ganesh,Food Grains,Atta & Flour,Chennai,5/19/2018,South,1190.0,0.15,226.1,Tamil Nadu
OD6774,Shree,Fruits & Veggies,,Virudhunagar,11/18/2018,South,936.0,0.35,327.6,Tamil Nadu
OD6776,,Fruits & Veggies,Fresh Vegetables,Coimbatore,04-10-2018,South,,0.2,,Tamil Nadu
OD6777,,Beverages,Health Drinks,Coimbatore,07-05-2016,South,1768.0,0.34,707.2,Tamil Nadu
OD6778,Amy,,Atta & Flour,Dindigul,,South,2091.0,0.32,,
OD6779,Veena,Oil & Masala,Edible Oil & Ghee,Trichy,11/24/2018,South,1544.0,0.18,,
,Haseena,Beverages,Health Drinks,Virudhunagar,,South,1545.0,0.33,633.45,
OD7421,Haseena,Snacks,Noodles,Namakkal,6/23/2016,South,763.0,0.27,,
OD7423,Komal,Beverages,Health Drinks,Salem,10-11-2015,South,961.0,0.13,76.88,Tamil Nadu
OD7424,Sundar,Fruits & Veggies,,,6/13/2016,South,,,,Tamil Nadu
OD7426,,Bakery,Cakes,Virudhunagar,,South,767.0,0.12,,Tamil Nadu
OD7427,Vidya,"Eggs, Meat & Fish",Chicken,Krishnagiri,3/17/2015,South,697.0,0.25,,Tamil Nadu
,Hafiz,Bakery,Biscuits,Krishnagiri,11/22/2015,South,1698.0,,,Tamil Nadu
OD7429,Jackson,Food Grains,,Trichy,4/20/2016,South,1892.0,0.22,567.6,Tamil Nadu
OD7433,,"Eggs, Meat & Fish",Mutton,Kanyakumari,02-07-2016,South,1632.0,,669.12,Tamil Nadu
OD7434,Vinne,Food Grains,Atta & Flour,,11-01-2015,South,801.0,0.32,144.18,
OD7435,Amy,Fruits & Veggies,Organic Vegetables,Dharmapuri,9/18/2018,South,2270.0,0.3,204.3,Tamil Nadu
OD7437,,,Fresh Vegetables,,11/22/2015,South,1406.0,,449.92,
,,Beverages,Health Drinks,Kanyakumari,3/17/2015,South,1890.0,0.13,737.1,Tamil Nadu
OD7440,Surya,Bakery,Breads & Buns,,,South,960.0,0.1,,Tamil Nadu
OD7441,Sheeba,Oil & Masala,Spices,Kanyakumari,9/18/2018,South,1195.0,,322.65,
OD7442,Suresh,Beverages,Health Drinks,,8/21/2016,South,1622.0,0.22,421.72,Tamil Nadu
OD7444,Ravi,Oil & Masala,Edible Oil & Ghee,,,South,1018.0,0.19,142.52,Tamil Nadu
OD7446,Sharon,Food Grains,Dals & Pulses,Tenkasi,05-05-2018,South,2220.0,,466.2,Tamil Nadu
OD7449,Vinne,Fruits & Veggies,Fresh Vegetables,Perambalur,3/21/2015,South,1366.0,0.34,232.22,Tamil Nadu
OD7451,Ridhesh,"Eggs, Meat & Fish",Fish,Vellore,09-12-2017,South,2087.0,0.19,459.14,Tamil Nadu
OD7452,Muneer,Food Grains,,Ooty,12-02-2015,South,1276.0,0.32,510.4,Tamil Nadu
OD7453,Surya,Fruits & Veggies,Organic Fruits,,04-04-2015,South,1593.0,0.12,477.9,Tamil Nadu
,Willams,Fruits & Veggies,Organic Vegetables,Nagercoil,04-07-2015,South,1125.0,0.29,337.5,Tamil Nadu
OD7455,Sabeela,,,Ooty,,South,1235.0,0.3,,
OD7456,Aditi,Snacks,Noodles,Viluppuram,3/21/2015,South,915.0,,228.75,
OD7457,Harish,Snacks,Noodles,,,South,595.0,0.18,160.65,Tamil Nadu
OD7458,Anu,"Eggs, Meat & Fish",,Bodi,,South,,0.12,973.44,Tamil Nadu
OD7460,Adavan,"Eggs, Meat & Fish",Mutton,Trichy,3/21/2015,South,2298.0,0.11,,Tamil Nadu
,Ram,Fruits & Veggies,,Trichy,05-12-2017,South,810.0,,40.5,
OD7462,Rumaiza,"Eggs, Meat & Fish",,Theni,,South,1991.0,0.33,617.21,Tamil Nadu
OD7464,Jackson,Food Grains,,,12-01-2016,South,893.0,,142.88,Tamil Nadu
OD7465,Yusuf,Food Grains,Atta & Flour,Trichy,12/27/2015,South,,0.25,,
OD7466,Jackson,Food Grains,Dals & Pulses,Vellore,,South,1573.0,0.12,393.25,Tamil Nadu
OD7467,Vinne,Beverages,Health Drinks,Trichy,3/17/2015,South,1576.0,0.14,614.64,Tamil Nadu
OD7468,Sheeba,,Edible Oil & Ghee,Tirunelveli,12-01-2016,South,527.0,0.28,221.34,Tamil Nadu
OD7470,Jackson,Bakery,Cakes,Madurai,,South,1476.0,0.13,,Tamil Nadu
OD7471,Rumaiza,Bakery,Breads & Buns,Namakkal,3/21/2015,South,1987.0,0.11,536.49,Tamil Nadu
OD7473,Rumaiza,Beverages,Soft Drinks,Salem,8/17/2015,South,,0.21,484.2,
OD7475,Verma,Bakery,,Vellore,04-04-2015,South,1501.0,0.33,240.16,Tamil Nadu
OD7476,Vinne,"Eggs, Meat & Fish",Mutton,Kanyakumari,,South,2113.0,0.16,824.07,Tamil Nadu
OD7477,Kumar,Oil & Masala,Spices,Chennai,10/21/2015,South,1014.0,,,Tamil Nadu
OD7478,Mathew,,Organic Vegetables,,09-12-2017,South,2205.0,0.27,595.35,Tamil Nadu
,,Snacks,,,,South,1606.0,0.18,546.04,Tamil Nadu
OD7480,Alan,Bakery,Breads & Buns,Perambalur,,South,1831.0,0.34,91.55,Tamil Nadu
OD7481,Sheeba,Bakery,Biscuits,Namakkal,5/30/2017,South,2323.0,0.11,1022.12,Tamil Nadu
OD7482,Jackson,Beverages,Health Drinks,Vellore,11/21/2015,South,2272.0,0.19,613.44,Tamil Nadu
,Arutra,Oil & Masala,Edible Oil & Ghee,Pudukottai,4/21/2015,South,1143.0,0.17,137.16,Tamil Nadu
OD7484,Shah,Bakery,,,08-05-2017,South,,0.16,989.56,Tamil Nadu
OD7485,Willams,,Chocolates,Ooty,04-05-2015,South,2123.0,0.19,700.59,Tamil Nadu
OD7488,James,,Breads & Buns,Salem,9/18/2018,South,1013.0,,395.07,Tamil Nadu
OD7489,James,"Eggs, Meat & Fish",Mutton,,09-09-2018,South,1749.0,,87.45,Tamil Nadu
,Roshan,,Mutton,Karur,09-06-2016,South,567.0,0.19,124.74,Tamil Nadu
,Vince,,,Perambalur,,South,,0.16,,Tamil Nadu
OD7492,Shah,Snacks,Chocolates,Viluppuram,,South,1581.0,,316.2,Tamil Nadu
OD7493,Komal,,Edible Oil & Ghee,Salem,8/21/2016,South,1908.0,,705.96,Tamil Nadu
,Haseena,,Atta & Flour,Kanyakumari,,South,1614.0,,306.66,Tamil Nadu
OD7495,Ravi,Snacks,,Bodi,08-01-2015,South,1638.0,0.11,163.8,Tamil Nadu
OD7496,Rumaiza,Fruits & Veggies,Fresh Fruits,Nagercoil,03-10-2018,South,1517.0,0.35,379.25,Tamil Nadu
OD7500,Veena,Beverages,,Madurai,3/21/2015,South,2408.0,0.34,192.64,Tamil Nadu
OD7501,Arutra,,Cookies,Ramanadhapuram,04-12-2017,South,1008.0,0.15,,Tamil Nadu
OD7502,Harish,Bakery,Cakes,Viluppuram,6/15/2018,South,1130.0,0.32,271.2,
OD7505,,,Edible Oil & Ghee,Ooty,09-07-2018,South,1537.0,0.18,445.73,Tamil Nadu
OD7507,Sudha,"Eggs, Meat & Fish",Mutton,Vellore,5/14/2017,South,2321.0,0.35,510.62,
OD7508,Arutra,Fruits & Veggies,,,06-08-2016,South,1492.0,0.29,417.76,
OD7510,,Beverages,,Tirunelveli,9/28/2018,South,1461.0,0.16,350.64,Tamil Nadu
OD7511,Sheeba,,Masalas,Kanyakumari,08-01-2015,South,763.0,,68.67,Tamil Nadu
OD7512,James,Beverages,Soft Drinks,Kanyakumari,9/28/2015,South,1579.0,0.22,536.86,
,Kumar,Snacks,Chocolates,Virudhunagar,10-09-2015,South,573.0,0.3,206.28,
OD7514,Shree,"Eggs, Meat & Fish",Eggs,,4/24/2018,South,,0.21,333.45,Tamil Nadu
OD7515,Rumaiza,Fruits & Veggies,,Pudukottai,10-10-2017,South,1266.0,0.14,303.84,Tamil Nadu
OD7516,,Food Grains,Organic Staples,Dharmapuri,10/27/2018,South,2117.0,0.33,550.42,Tamil Nadu
OD7517,,Snacks,,Chennai,11-01-2015,South,727.0,0.28,276.26,Tamil Nadu
OD7518,Roshan,"Eggs, Meat & Fish",Eggs,Theni,,South,2475.0,,915.75,Tamil Nadu
OD7519,Sabeela,Oil & Masala,Masalas,Namakkal,9/22/2017,South,2122.0,0.23,190.98,Tamil Nadu
OD7520,Surya,,Fresh Vegetables,Ramanadhapuram,03-12-2016,South,1604.0,0.14,449.12,Tamil Nadu
OD7521,Willams,Oil & Masala,Edible Oil & Ghee,Coimbatore,,South,,0.33,147.3,Tamil Nadu
OD7522,Akash,Bakery,Breads & Buns,Virudhunagar,,South,2479.0,0.26,991.6,Tamil Nadu
OD7523,James,Bakery,Breads & Buns,Cumbum,07-05-2016,South,1764.0,,723.24,Tamil Nadu
OD7524,,Food Grains,Dals & Pulses,Pudukottai,3/26/2016,South,,0.2,128.7,Tamil Nadu
OD7526,Anu,Fruits & Veggies,Organic Vegetables,Viluppuram,04-12-2017,South,500.0,,225.0,Tamil Nadu
OD7527,Arutra,Oil & Masala,Spices,Coimbatore,04-12-2017,South,,0.15,34.05,
OD7529,Ram,Oil & Masala,Masalas,Coimbatore,05-01-2016,South,1772.0,0.12,,Tamil Nadu
OD7532,Mathew,,Atta & Flour,Ramanadhapuram,06-05-2018,South,2365.0,0.23,543.95,Tamil Nadu
OD7533,Adavan,Bakery,Biscuits,Pudukottai,06-08-2016,South,1178.0,0.26,58.9,Tamil Nadu
OD7534,Amrish,"Eggs, Meat & Fish",Eggs,Ooty,,South,2125.0,,743.75,Tamil Nadu
OD7535,Haseena,Bakery,Cakes,Cumbum,11-12-2016,South,1752.0,0.31,700.8,Tamil Nadu
OD7536,Hafiz,Snacks,Chocolates,Madurai,11-01-2015,South,1442.0,0.27,187.46,
OD7537,Shah,Bakery,Cakes,,09-06-2016,South,,0.32,,Tamil Nadu
OD7538,Vinne,Fruits & Veggies,Organic Vegetables,Virudhunagar,,South,1117.0,0.3,,Tamil Nadu
OD7539,Jonas,Oil & Masala,Spices,Cumbum,,South,,0.25,488.88,Tamil Nadu
OD7541,,Oil & Masala,Masalas,Theni,,South,,0.14,26.85,Tamil Nadu
OD7542,,Oil & Masala,Edible Oil & Ghee,Bodi,,South,,0.19,172.48,Tamil Nadu
OD7545,James,Beverages,Health Drinks,Viluppuram,06-08-2016,South,2119.0,0.24,233.09,Tamil Nadu
OD7546,Vidya,,,Karur,,South,1625.0,0.33,325.0,Tamil Nadu
,Roshan,Oil & Masala,Edible Oil & Ghee,,12/18/2016,South,1000.0,,190.0,Tamil Nadu
,,,Eggs,Chennai,9/28/2015,South,1557.0,0.28,591.66,Tamil Nadu
,Willams,,Health Drinks,Ooty,06-10-2018,South,1240.0,,446.4,Tamil Nadu
OD7552,Komal,"Eggs, Meat & Fish",Fish,,06-08-2016,South,2492.0,0.13,124.6,
,Sharon,,Cookies,Salem,11-08-2016,South,860.0,0.23,232.2,Tamil Nadu
,Anu,Snacks,Cookies,Perambalur,,South,1717.0,0.1,,
OD7555,Shah,Oil & Masala,Masalas,,5/28/2017,South,1798.0,0.35,,Tamil Nadu
OD7557,Willams,"Eggs, Meat & Fish",,,,South,616.0,0.14,221.76,Tamil Nadu
,Mathew,"Eggs, Meat & Fish",Fish,,9/25/2016,South,981.0,0.16,49.05,
OD7559,,,Biscuits,Cumbum,1/20/2015,South,1973.0,0.32,789.2,Tamil Nadu
OD7561,Malik,,Organic Staples,Kanyakumari,5/14/2017,South,1452.0,0.34,493.68,Tamil Nadu
OD7562,Verma,Bakery,Cakes,Tirunelveli,11-12-2016,South,1843.0,0.33,,Tamil Nadu
,,,Chicken,Karur,9/25/2016,South,1442.0,0.18,,
,,Snacks,Noodles,Virudhunagar,5/14/2017,South,1119.0,0.27,78.33,Tamil Nadu
OD7566,Ridhesh,Bakery,Breads & Buns,Krishnagiri,11-12-2016,South,1766.0,0.25,512.14,Tamil Nadu
OD7567,Amy,Beverages,Health Drinks,Kanyakumari,10/27/2018,South,2334.0,0.26,793.56,Tamil Nadu
OD7568,Esther,,Cookies,,10-10-2017,South,2117.0,,296.38,
OD7569,Kumar,,Noodles,Nagercoil,12/29/2017,South,,0.35,470.7,Tamil Nadu
OD7570,Ram,Fruits & Veggies,Fresh Vegetables,Ramanadhapuram,11/24/2018,South,2452.0,,343.28,Tamil Nadu
OD7571,Haseena,"Eggs, Meat & Fish",Eggs,,3/19/2017,South,2235.0,,469.35,Tamil Nadu
OD7573,,"Eggs, Meat & Fish",Mutton,,03-10-2018,South,2133.0,0.16,554.58,Tamil Nadu
OD7574,Anu,Food Grains,Rice,Tenkasi,12/29/2017,South,,,251.46,Tamil Nadu
OD7575,Hafiz,Oil & Masala,Spices,,9/25/2016,South,580.0,0.28,,
OD7576,,,,Krishnagiri,11-07-2016,South,692.0,0.35,235.28,Tamil Nadu
OD7577,Sudha,Bakery,Breads & Buns,Bodi,5/27/2018,South,1649.0,0.32,742.05,Tamil Nadu
OD7578,Anu,Fruits & Veggies,Fresh Fruits,Krishnagiri,04-06-2018,South,1050.0,0.23,441.0,Tamil Nadu
OD7579,Amrish,,Organic Staples,Kanyakumari,5/17/2017,South,958.0,0.18,344.88,Tamil Nadu
,Esther,,,Nagercoil,07-01-2015,South,1685.0,0.32,707.7,Tamil Nadu
OD7581,Aditi,Snacks,,Ooty,11/28/2017,South,1649.0,0.29,527.68,
OD7582,,Oil & Masala,Spices,Virudhunagar,11-08-2016,South,2419.0,0.3,362.85,Tamil Nadu
OD7583,Haseena,,Health Drinks,Cumbum,5/14/2017,South,2364.0,0.23,,
OD7584,Shah,Bakery,Cakes,Namakkal,,South,550.0,0.24,66.0,
,Arutra,Fruits & Veggies,Fresh Fruits,Dharmapuri,11-07-2016,South,711.0,,199.08,Tamil Nadu
,,Oil & Masala,Edible Oil & Ghee,Nagercoil,11/30/2015,South,,,335.58,Tamil Nadu
,,Oil & Masala,Edible Oil & Ghee,,,South,1592.0,0.14,,Tamil Nadu
OD7911,,Snacks,Cookies,Bodi,4/16/2018,South,1887.0,,,Tamil Nadu
OD7912,Sundar,Beverages,Health Drinks,Ramanadhapuram,5/18/2018,South,1642.0,0.25,164.2,Tamil Nadu
,Suresh,Fruits & Veggies,,Cumbum,09-08-2015,South,773.0,0.31,324.66,Tamil Nadu
OD7914,,Bakery,Breads & Buns,Theni,,South,910.0,,63.7,
OD7915,,Beverages,Soft Drinks,Madurai,5/18/2018,South,2387.0,0.14,620.62,Tamil Nadu
OD7916,Peer,Fruits & Veggies,Organic Vegetables,Namakkal,02-06-2015,South,1699.0,,118.93,Tamil Nadu
OD7917,,Food Grains,,Tirunelveli,8/27/2015,South,2478.0,,,
OD7918,Roshan,Fruits & Veggies,Organic Vegetables,,11/26/2017,South,1326.0,0.23,424.32,
OD7919,Malik,Fruits & Veggies,Organic Vegetables,,07-02-2016,South,942.0,0.35,386.22,Tamil Nadu
OD7920,Arutra,Beverages,,Theni,3/19/2015,South,1253.0,0.24,438.55,Tamil Nadu
OD7921,Willams,Beverages,Soft Drinks,Karur,,South,1544.0,0.2,,
OD7922,Aditi,Bakery,Cakes,Viluppuram,3/19/2015,South,1105.0,0.2,,Tamil Nadu
OD7923,Amrish,Snacks,Cookies,Nagercoil,,South,,0.1,43.6,
OD7924,Vince,Snacks,Chocolates,Bodi,11-04-2018,South,1474.0,0.12,456.94,Tamil Nadu
OD7925,Rumaiza,Fruits & Veggies,Fresh Vegetables,Madurai,01-02-2018,South,1448.0,0.19,,Tamil Nadu
OD7968,Ram,"Eggs, Meat & Fish",,Tirunelveli,03-05-2018,South,751.0,,112.65,Tamil Nadu
OD8019,Vinne,Snacks,Cookies,Theni,04-05-2015,South,1844.0,0.19,331.92,
OD8020,,"Eggs, Meat & Fish",Fish,Kanyakumari,03-11-2015,South,1975.0,0.32,,Tamil Nadu
OD8022,Sharon,Bakery,Biscuits,Ramanadhapuram,11/24/2018,South,2458.0,0.23,147.48,Tamil Nadu
OD8023,,Food Grains,Atta & Flour,Madurai,12/23/2018,South,1396.0,0.13,,Tamil Nadu
OD8024,Malik,Oil & Masala,Masalas,Namakkal,03-11-2015,South,,0.34,336.0,Tamil Nadu
OD8026,Komal,Fruits & Veggies,Fresh Vegetables,Virudhunagar,11/18/2017,South,1863.0,0.16,689.31,Tamil Nadu
OD8027,Sabeela,Bakery,Breads & Buns,Bodi,3/31/2018,South,1302.0,0.35,403.62,
OD8028,Amy,Bakery,,Dharmapuri,10/18/2015,South,2285.0,0.23,251.35,Tamil Nadu
OD8029,Rumaiza,Fruits & Veggies,Fresh Fruits,Perambalur,,South,,0.17,730.4,Tamil Nadu
OD8030,,Bakery,Cakes,Tenkasi,,South,,0.21,744.8,Tamil Nadu
OD8031,Sheeba,"Eggs, Meat & Fish",,Virudhunagar,5/26/2017,South,,0.25,99.6,
OD8032,,Snacks,Noodles,Ooty,,South,2293.0,,160.51,
,Sundar,Snacks,Cookies,Cumbum,11/17/2018,South,,0.12,,Tamil Nadu
OD8233,Vince,Bakery,Breads & Buns,,12-02-2015,South,973.0,,243.25,Tamil Nadu
OD8234,Hussain,"Eggs, Meat & Fish",Chicken,Bodi,11/21/2015,South,,0.29,201.96,
OD8235,Hafiz,Snacks,Chocolates,,04-04-2015,South,983.0,0.22,403.03,Tamil Nadu
,Vidya,,,Perambalur,5/30/2017,South,2317.0,0.13,949.97,Tamil Nadu
OD8237,Anu,Food Grains,,Dharmapuri,9/18/2018,South,,0.18,176.58,Tamil Nadu
OD8238,Jonas,"Eggs, Meat & Fish",Mutton,Krishnagiri,6/23/2016,South,889.0,0.21,293.37,Tamil Nadu
OD8239,Vince,,Edible Oil & Ghee,Pudukottai,09-12-2017,South,1772.0,0.22,708.8,
OD8243,Jonas,Fruits & Veggies,Fresh Vegetables,,8/17/2015,South,2022.0,0.3,181.98,Tamil Nadu
OD8244,,Beverages,Soft Drinks,Coimbatore,1/17/2017,South,506.0,,65.78,Tamil Nadu
OD8245,Ramesh,Fruits & Veggies,Organic Vegetables,,9/19/2016,South,2174.0,0.31,934.82,Tamil Nadu
OD8247,Haseena,Fruits & Veggies,Fresh Fruits,Perambalur,12/14/2018,South,1557.0,0.15,513.81,Tamil Nadu
OD8249,,,Breads & Buns,,04-07-2015,South,2156.0,0.2,754.6,Tamil Nadu
OD8250,,Bakery,Cakes,Trichy,7/31/2016,South,2500.0,,225.0,Tamil Nadu
OD8251,Ridhesh,"Eggs, Meat & Fish",Mutton,Krishnagiri,,South,1719.0,,,Tamil Nadu
OD8252,Veena,,Noodles,Perambalur,3/21/2015,South,,0.13,,Tamil Nadu
OD8254,,Food Grains,,,11-12-2016,South,1784.0,0.1,588.72,
OD8255,Arvind,Beverages,Soft Drinks,Krishnagiri,10/16/2018,South,1721.0,0.32,,Tamil Nadu
OD8256,Shah,Snacks,Noodles,Pudukottai,07-01-2015,South,,0.17,602.0,Tamil Nadu
OD8257,Hussain,Snacks,Chocolates,Bodi,11-03-2018,South,,0.2,,
,Sudha,Snacks,Cookies,Karur,10/20/2018,South,1291.0,0.34,516.4,Tamil Nadu
,Adavan,Bakery,Breads & Buns,Viluppuram,06-04-2018,South,2189.0,0.15,350.24,Tamil Nadu
OD8260,Sheeba,Snacks,Chocolates,,4/30/2018,South,2025.0,,830.25,Tamil Nadu
OD8262,Komal,Snacks,Noodles,Cumbum,,South,1301.0,0.17,,
OD8263,Peer,"Eggs, Meat & Fish",Chicken,Pudukottai,10-04-2017,South,1319.0,,197.85,Tamil Nadu
OD8265,,,Organic Fruits,Viluppuram,6/15/2018,South,551.0,0.18,165.3,Tamil Nadu
OD8266,Amrish,,Cookies,Salem,01-04-2017,South,1814.0,0.16,253.96,Tamil Nadu
OD8267,Vinne,Fruits & Veggies,Organic Vegetables,Krishnagiri,,South,1336.0,0.15,561.12,Tamil Nadu
OD8270,Amrish,Snacks,Chocolates,Trichy,3/31/2016,South,2437.0,0.2,804.21,Tamil Nadu
OD8271,Willams,Fruits & Veggies,Organic Fruits,Virudhunagar,12/27/2016,South,2218.0,0.27,,Tamil Nadu
OD8272,,Bakery,Cakes,Krishnagiri,,South,1944.0,,505.44,
OD8273,Sharon,"Eggs, Meat & Fish",Fish,Tirunelveli,,South,865.0,,380.6,
OD8274,,Food Grains,Dals & Pulses,Nagercoil,9/22/2017,South,531.0,0.23,31.86,Tamil Nadu
OD8275,Yusuf,"Eggs, Meat & Fish",Mutton,Viluppuram,11-01-2015,South,2013.0,0.17,442.86,Tamil Nadu
OD8407,,Fruits & Veggies,Organic Fruits,Vellore,9/16/2017,South,763.0,0.16,343.35,Tamil Nadu
OD8408,,"Eggs, Meat & Fish",,Theni,04-02-2018,South,781.0,0.16,101.53,Tamil Nadu
,,"Eggs, Meat & Fish",,Bodi,12/20/2015,South,2265.0,0.19,294.45,Tamil Nadu
OD8410,Alan,Oil & Masala,Edible Oil & Ghee,Chennai,12/20/2015,South,884.0,0.1,238.68,Tamil Nadu
OD8412,Sudha,Fruits & Veggies,Organic Fruits,Theni,,South,704.0,0.22,70.4,
,Yusuf,,Edible Oil & Ghee,Nagercoil,10-02-2018,South,901.0,0.29,45.05,Tamil Nadu
,Sabeela,,Cakes,Nagercoil,10-02-2018,South,2229.0,0.24,334.35,
OD8446,Ridhesh,Beverages,Soft Drinks,Bodi,02-05-2017,South,589.0,0.25,212.04,Tamil Nadu
OD8447,Kumar,,Spices,Cumbum,02-05-2017,South,,0.3,926.64,
OD8495,Veena,Food Grains,Rice,Kanyakumari,9/19/2016,South,,,,Tamil Nadu
OD8496,,Food Grains,Rice,Dharmapuri,9/22/2016,South,,0.28,498.4,Tamil Nadu
OD8497,Sharon,Snacks,,Dharmapuri,,South,2281.0,0.3,661.49,Tamil Nadu
OD8498,Roshan,Beverages,Soft Drinks,Pudukottai,04-01-2017,South,2044.0,0.27,531.44,Tamil Nadu
,James,Fruits & Veggies,Fresh Fruits,Namakkal,3/31/2018,South,793.0,0.23,348.92,Tamil Nadu
OD8500,Willams,Food Grains,Dals & Pulses,Kanyakumari,4/17/2017,South,1936.0,0.31,484.0,Tamil Nadu
OD8619,Hafiz,Oil & Masala,Edible Oil & Ghee,Krishnagiri,11/20/2018,South,682.0,,293.26,Tamil Nadu
OD8620,Muneer,Snacks,Cookies,Tirunelveli,9/22/2017,South,963.0,0.28,414.09,Tamil Nadu
,Ram,Beverages,Health Drinks,Tenkasi,,South,1969.0,0.31,669.46,Tamil Nadu
OD8625,Krithika,Fruits & Veggies,,Ooty,1/26/2015,South,,0.33,530.5,Tamil Nadu
OD8626,Harish,Beverages,Health Drinks,,06-12-2018,South,,0.22,253.35,
,,,,Theni,3/14/2015,South,,0.16,370.0,Tamil Nadu
OD8628,Rumaiza,,Cakes,,,South,864.0,0.12,43.2,
OD8629,,"Eggs, Meat & Fish",Chicken,Kanyakumari,5/25/2017,South,1291.0,0.11,387.3,Tamil Nadu
OD8630,Hafiz,,Chocolates,Viluppuram,03-11-2017,South,1353.0,0.13,311.19,Tamil Nadu
OD8632,Jonas,"Eggs, Meat & Fish",Chicken,Ooty,09-05-2016,South,1329.0,0.27,345.54,Tamil Nadu
OD8633,Vinne,Beverages,Soft Drinks,Coimbatore,10/20/2017,South,2443.0,0.23,219.87,Tamil Nadu
OD8634,Amrish,Snacks,,Ramanadhapuram,11/24/2015,South,2203.0,0.28,903.23,Tamil Nadu
OD8635,Hussain,Snacks,Cookies,Pudukottai,01-06-2015,South,1504.0,,616.64,Tamil Nadu
OD8636,Krithika,"Eggs, Meat & Fish",Chicken,,08-04-2017,South,,0.15,188.1,Tamil Nadu
,,Bakery,,Nagercoil,10/21/2017,South,,,252.03,Tamil Nadu
OD8638,Yadav,,Spices,Coimbatore,3/18/2015,South,,0.14,176.04,Tamil Nadu
OD8639,,Snacks,Noodles,Nagercoil,3/18/2015,South,983.0,0.14,226.09,Tamil Nadu
OD8641,James,Beverages,Soft Drinks,Ramanadhapuram,4/23/2018,South,1783.0,0.26,606.22,Tamil Nadu
,James,Oil & Masala,Edible Oil & Ghee,Kanyakumari,11/24/2017,South,2104.0,0.29,168.32,
OD8644,Willams,Beverages,,,4/30/2018,South,992.0,0.17,158.72,Tamil Nadu
OD8645,Ram,Snacks,Cookies,Krishnagiri,10-07-2018,South,1426.0,0.28,,Tamil Nadu
,,,Organic Staples,,7/25/2017,South,1991.0,0.28,,
OD8769,Shah,,Health Drinks,Tenkasi,12/20/2015,South,1036.0,,207.2,Tamil Nadu
,Ganesh,Bakery,Breads & Buns,Virudhunagar,10/30/2018,South,2155.0,,,
OD8771,Sheeba,Beverages,Soft Drinks,,,South,2398.0,0.25,,
OD8772,Akash,,Cakes,Trichy,10/13/2015,South,2287.0,0.24,205.83,
OD8774,Veena,,Spices,,10/13/2015,South,2386.0,0.25,,Tamil Nadu
OD8775,Jackson,,Health Drinks,Salem,10/13/2015,South,1003.0,0.15,,Tamil Nadu
OD8776,Veena,Beverages,,,10/30/2018,South,2197.0,0.19,329.55,Tamil Nadu
OD8777,,Food Grains,Organic Staples,,10/30/2018,South,2126.0,0.35,,
OD8778,Surya,"Eggs, Meat & Fish",Eggs,Cumbum,5/13/2015,South,1024.0,,,Tamil Nadu
OD8780,,Beverages,Soft Drinks,,,South,2371.0,0.26,640.17,Tamil Nadu
OD8781,Sabeela,,Fish,Madurai,09-08-2018,South,1508.0,0.34,316.68,Tamil Nadu
OD8782,,Oil & Masala,Spices,Kanyakumari,,South,2481.0,0.12,173.67,Tamil Nadu
OD8784,Roshan,Fruits & Veggies,Organic Vegetables,Karur,,South,1402.0,,168.24,Tamil Nadu
OD8785,Ridhesh,Oil & Masala,Masalas,Madurai,10-02-2018,South,1903.0,0.25,,Tamil Nadu
OD8865,Komal,Food Grains,,,02-05-2017,South,509.0,0.14,35.63,Tamil Nadu
OD8866,,Oil & Masala,Edible Oil & Ghee,Tenkasi,02-05-2017,South,1114.0,0.14,,Tamil Nadu
OD8867,Jonas,"Eggs, Meat & Fish",,,06-04-2018,South,,0.35,530.28,Tamil Nadu
OD8868,Ganesh,Beverages,Health Drinks,Tirunelveli,02-05-2017,South,838.0,0.15,159.22,Tamil Nadu
,Sundar,Oil & Masala,Spices,Theni,02-05-2017,South,2305.0,0.22,,Tamil Nadu
OD8870,Hafiz,Food Grains,Atta & Flour,Dindigul,5/24/2017,South,1486.0,0.32,148.6,Tamil Nadu
OD8871,Jackson,Oil & Masala,Spices,,02-05-2017,South,558.0,0.35,,Tamil Nadu
OD8872,,Beverages,Soft Drinks,,,South,1815.0,0.3,326.7,Tamil Nadu
OD8873,Verma,Fruits & Veggies,Fresh Fruits,Viluppuram,,South,2346.0,0.18,258.06,
OD8874,,Fruits & Veggies,Organic Fruits,Tirunelveli,02-05-2017,South,,,501.12,
OD8875,,Oil & Masala,,Pudukottai,04-07-2015,South,,0.25,148.6,
OD8876,Muneer,Food Grains,Organic Staples,Perambalur,02-05-2017,South,1082.0,0.28,421.98,Tamil Nadu
OD8877,,Food Grains,Dals & Pulses,Madurai,10-12-2018,South,816.0,0.28,,Tamil Nadu
OD8990,Ridhesh,Fruits & Veggies,,,11/30/2016,South,908.0,0.19,90.8,Tamil Nadu
OD8991,,Oil & Masala,Edible Oil & Ghee,Tenkasi,11/30/2016,South,1333.0,,319.92,
OD8992,Muneer,Food Grains,Atta & Flour,Krishnagiri,12/25/2018,South,,0.23,346.84,Tamil Nadu
OD8993,Muneer,Bakery,,,12/25/2018,South,,,,Tamil Nadu
,Ramesh,,Edible Oil & Ghee,Salem,9/17/2018,South,1545.0,0.12,463.5,Tamil Nadu
OD8995,Peer,Food Grains,Dals & Pulses,Tirunelveli,9/22/2016,South,,0.16,137.12,Tamil Nadu
OD8996,Vidya,Beverages,Soft Drinks,Tirunelveli,12/25/2018,South,894.0,,107.28,Tamil Nadu
,Sheeba,Snacks,Chocolates,Vellore,12-10-2018,South,,0.34,,Tamil Nadu
,Komal,Oil & Masala,,Tenkasi,08-11-2018,South,1309.0,0.22,130.9,Tamil Nadu
,Veronica,,Fish,Trichy,5/26/2016,South,2485.0,0.15,497.0,Tamil Nadu
OD9001,Hussain,Bakery,Cakes,,09-10-2017,South,,0.13,331.84,Tamil Nadu
OD9002,,Fruits & Veggies,Organic Fruits,Virudhunagar,,South,2336.0,0.2,677.44,Tamil Nadu
,Mathew,Bakery,Breads & Buns,Madurai,5/26/2016,South,1432.0,,157.52,
OD9004,Yadav,Food Grains,,Kanyakumari,12/29/2017,South,,0.22,,Tamil Nadu
OD9005,,Beverages,Soft Drinks,Trichy,,South,2397.0,0.22,1030.71,Tamil Nadu
OD9007,Esther,Snacks,,,12/24/2017,South,1589.0,,413.14,Tamil Nadu
,Ravi,Beverages,Soft Drinks,Namakkal,,South,1334.0,0.25,,Tamil Nadu
,Mathew,Food Grains,Rice,Cumbum,1/31/2017,South,1706.0,0.25,750.64,Tamil Nadu
OD9384,,"Eggs, Meat & Fish",Eggs,Ramanadhapuram,,South,,0.13,574.6,
,Ridhesh,Fruits & Veggies,,Ooty,,South,2305.0,0.28,945.05,Tamil Nadu
OD9386,Ridhesh,Food Grains,Dals & Pulses,,5/23/2017,South,,0.2,982.55,Tamil Nadu
OD9387,Akash,Snacks,,,01-06-2015,South,,0.19,194.35,Tamil Nadu
OD9388,Amrish,Fruits & Veggies,Organic Vegetables,Pudukottai,3/30/2018,South,766.0,0.16,137.88,Tamil Nadu
,Mathew,Beverages,Soft Drinks,Namakkal,9/24/2018,South,2079.0,0.31,873.18,
OD9390,Sabeela,Oil & Masala,,Trichy,,South,1576.0,0.33,504.32,
,Verma,Beverages,Health Drinks,,06-11-2018,South,1562.0,0.22,265.54,Tamil Nadu
OD9392,Jonas,Oil & Masala,Masalas,Cumbum,11-04-2018,South,1907.0,0.29,572.1,Tamil Nadu
,Sudha,,,Tenkasi,01-06-2015,South,1113.0,0.31,144.69,
OD9394,Hussain,"Eggs, Meat & Fish",Chicken,Dharmapuri,5/25/2018,South,1539.0,0.23,584.82,Tamil Nadu
OD9397,Hussain,,Rice,,5/27/2018,South,2014.0,0.34,725.04,Tamil Nadu
OD9398,,Food Grains,Dals & Pulses,Dharmapuri,,South,2413.0,0.28,386.08,Tamil Nadu
OD9401,Surya,Fruits & Veggies,,Coimbatore,,South,1036.0,0.14,145.04,Tamil Nadu
OD9403,,Oil & Masala,,Nagercoil,3/15/2017,South,,,342.72,Tamil Nadu
OD9404,Haseena,,Chocolates,Namakkal,1/26/2015,South,2431.0,0.1,121.55,Tamil Nadu
OD9405,Ravi,,,Tirunelveli,,South,,0.19,380.96,
OD9407,Ravi,Beverages,,Perambalur,5/15/2017,South,,0.23,204.4,Tamil Nadu
,Verma,Beverages,,Virudhunagar,06-12-2018,South,1165.0,0.27,442.7,Tamil Nadu
,Sabeela,Oil & Masala,,,8/17/2018,South,717.0,0.28,143.4,Tamil Nadu
OD9410,Vidya,Oil & Masala,Edible Oil & Ghee,Trichy,06-09-2016,South,2168.0,0.23,,Tamil Nadu
OD9411,Haseena,Fruits & Veggies,Organic Fruits,Karur,11-01-2017,South,1249.0,0.19,137.39,Tamil Nadu
OD9413,,Bakery,Breads & Buns,Theni,12/15/2017,South,2451.0,0.35,661.77,Tamil Nadu
OD9414,Vidya,,Fresh Fruits,,,South,1050.0,0.11,451.5,Tamil Nadu
OD9415,Vidya,,Masalas,,,South,,0.34,492.24,
OD9416,,Snacks,Cookies,Madurai,5/15/2017,South,1160.0,0.34,81.2,Tamil Nadu
OD9417,Komal,Snacks,Chocolates,,3/13/2017,South,1118.0,0.1,480.74,Tamil Nadu
,Arvind,Bakery,,Ramanadhapuram,04-08-2017,South,1957.0,0.21,587.1,Tamil Nadu
OD9420,Akash,,Masalas,Namakkal,9/14/2017,South,1214.0,0.21,485.6,Tamil Nadu
OD9421,Esther,"Eggs, Meat & Fish",,Theni,,South,979.0,0.3,88.11,Tamil Nadu
OD9422,,Snacks,Chocolates,Tirunelveli,9/19/2018,South,1496.0,0.28,628.32,Tamil Nadu
,Hafiz,Beverages,Health Drinks,,6/28/2016,South,1391.0,0.16,570.31,Tamil Nadu
,Jonas,Snacks,Cookies,Nagercoil,9/24/2018,South,2439.0,0.13,585.36,Tamil Nadu
OD9426,Akash,Fruits & Veggies,Organic Fruits,Trichy,04-08-2017,South,543.0,,48.87,Tamil Nadu
,Sudha,"Eggs, Meat & Fish",,Theni,,South,1747.0,0.17,209.64,Tamil Nadu
OD9428,Kumar,"Eggs, Meat & Fish",Mutton,,09-11-2018,South,,0.34,,
OD9429,,Bakery,Biscuits,Madurai,5/15/2017,South,523.0,0.17,73.22,Tamil Nadu
,Anu,,Organic Staples,,1/26/2015,South,1991.0,0.33,,Tamil Nadu
,Esther,Snacks,,Dindigul,7/24/2016,South,1609.0,0.15,209.17,Tamil Nadu
OD9433,Jonas,"Eggs, Meat & Fish",Chicken,Trichy,5/25/2017,South,2322.0,0.18,255.42,
,,Food Grains,,Cumbum,11/24/2018,South,1718.0,0.13,,Tamil Nadu
OD9435,Peer,Oil & Masala,Masalas,,3/15/2017,South,2166.0,0.12,,Tamil Nadu
OD9436,Krithika,Snacks,Chocolates,Dindigul,08-12-2015,South,1665.0,0.1,482.85,Tamil Nadu
OD9437,Vinne,Beverages,,Perambalur,4/23/2018,South,1818.0,0.34,,Tamil Nadu
OD9438,Harish,Snacks,Noodles,Madurai,11/25/2017,South,2361.0,0.32,637.47,Tamil Nadu
,Vidya,"Eggs, Meat & Fish",Eggs,Vellore,12/28/2018,South,2006.0,,240.72,
OD9441,Anu,"Eggs, Meat & Fish",Chicken,Theni,11/24/2017,South,2052.0,0.24,184.68,Tamil Nadu
OD9442,Sundar,Bakery,Biscuits,,04-07-2018,South,2004.0,0.18,,
,Amy,"Eggs, Meat & Fish",Eggs,Kanyakumari,,South,2367.0,,189.36,
OD9445,,"Eggs, Meat & Fish",Fish,Ramanadhapuram,12/20/2016,South,901.0,,,Tamil Nadu
OD9448,Harish,Food Grains,Organic Staples,Virudhunagar,10/27/2015,South,1824.0,0.33,145.92,Tamil Nadu
OD9449,Arutra,Bakery,Biscuits,Chennai,,South,,0.35,111.18,Tamil Nadu
,Ram,"Eggs, Meat & Fish",Chicken,Namakkal,10-03-2015,South,889.0,0.14,364.49,Tamil Nadu
OD9453,Esther,Bakery,Cakes,Dharmapuri,11-11-2017,South,,0.13,349.98,Tamil Nadu
OD9454,,Food Grains,Dals & Pulses,Bodi,4/30/2018,South,881.0,0.33,334.78,Tamil Nadu
OD9455,,Fruits & Veggies,Fresh Vegetables,Dindigul,3/18/2015,South,,0.11,98.5,Tamil Nadu
OD9456,Sheeba,"Eggs, Meat & Fish",Chicken,Tenkasi,10-03-2015,South,1378.0,0.3,275.6,Tamil Nadu
OD9457,,Fruits & Veggies,Organic Vegetables,Chennai,3/18/2015,South,,0.23,111.24,Tamil Nadu
OD9458,Mathew,Oil & Masala,,,10-07-2018,South,1619.0,0.25,728.55,Tamil Nadu
,Haseena,Fruits & Veggies,Fresh Vegetables,Bodi,4/30/2018,South,696.0,,174.0,Tamil Nadu
OD9461,Mathew,Bakery,Breads & Buns,Coimbatore,2/21/2017,South,2443.0,0.13,171.01,
OD9463,Malik,Bakery,Cakes,Ramanadhapuram,8/21/2017,South,1308.0,0.3,196.2,Tamil Nadu
OD9464,Arvind,Bakery,,Viluppuram,,South,839.0,0.16,41.95,Tamil Nadu
OD9465,Shree,Snacks,Noodles,Kanyakumari,11/24/2017,South,727.0,0.21,268.99,Tamil Nadu
OD9466,Jonas,"Eggs, Meat & Fish",Eggs,Coimbatore,3/18/2015,South,876.0,0.2,131.4,
OD9467,Akash,Beverages,Health Drinks,Dindigul,05-05-2017,South,1570.0,0.22,298.3,Tamil Nadu
,,Beverages,Health Drinks,Ramanadhapuram,,South,2429.0,0.32,,Tamil Nadu
OD9469,Peer,Fruits & Veggies,Organic Fruits,Pudukottai,,South,,0.17,96.32,Tamil Nadu
OD9470,,Bakery,Cakes,Nagercoil,08-12-2015,South,1461.0,0.17,,
OD9471,Muneer,Food Grains,Organic Staples,Perambalur,,South,1761.0,0.26,,
OD9472,,Fruits & Veggies,Fresh Vegetables,Nagercoil,08-12-2015,South,1665.0,,549.45,Tamil Nadu
OD9473,,Bakery,Biscuits,Dharmapuri,3/14/2015,South,1985.0,0.22,794.0,Tamil Nadu
OD9474,Verma,Fruits & Veggies,Fresh Vegetables,Theni,08-12-2015,South,1679.0,0.15,251.85,Tamil Nadu
OD9475,Kumar,Snacks,Chocolates,,1/21/2018,South,1056.0,0.2,306.24,
OD9476,Haseena,Bakery,Cakes,Pudukottai,,South,1935.0,0.29,367.65,Tamil Nadu
OD9477,Akash,Bakery,Biscuits,Ramanadhapuram,2/21/2017,South,1599.0,0.27,223.86,
,Yusuf,Food Grains,Rice,Dindigul,12/21/2015,South,,0.34,227.92,Tamil Nadu
OD9480,Rumaiza,Fruits & Veggies,Fresh Fruits,,9/24/2018,South,2255.0,0.26,856.9,Tamil Nadu
OD9482,Suresh,Beverages,Soft Drinks,Madurai,2/21/2017,South,2000.0,0.23,620.0,Tamil Nadu
OD9483,Veronica,Beverages,,Pudukottai,08-09-2017,South,639.0,0.2,,Tamil Nadu
OD9484,,Beverages,,Trichy,10/19/2018,South,1916.0,0.26,536.48,Tamil Nadu
OD9485,Harish,Bakery,Breads & Buns,Ramanadhapuram,12-02-2018,South,512.0,,168.96,Tamil Nadu
,Alan,,Organic Staples,,10-02-2016,South,1205.0,0.1,228.95,Tamil Nadu
,Adavan,,Rice,Ooty,08-09-2017,South,1177.0,0.32,282.48,Tamil Nadu
,,Oil & Masala,Masalas,Nagercoil,10-07-2018,South,1662.0,0.33,,
OD9489,Sudeep,,,Tirunelveli,1/21/2018,South,1288.0,0.1,334.88,
OD9490,Suresh,Snacks,,,10/21/2017,South,1285.0,0.15,,
OD9712,Vince,Oil & Masala,Masalas,Dindigul,10/13/2015,South,,0.14,981.13,Tamil Nadu
OD9713,,Fruits & Veggies,,Perambalur,04-04-2017,South,1223.0,0.34,550.35,Tamil Nadu
OD9714,Arvind,Oil & Masala,Edible Oil & Ghee,Trichy,04-02-2018,South,1331.0,0.26,545.71,Tamil Nadu
,,Snacks,Noodles,Tirunelveli,09-08-2018,South,2204.0,0.27,947.72,Tamil Nadu
OD9747,Mathew,Oil & Masala,Spices,Perambalur,04-07-2015,South,1337.0,0.21,213.92,Tamil Nadu
OD9748,Ravi,Oil & Masala,Edible Oil & Ghee,Coimbatore,02-05-2017,South,,,911.24,Tamil Nadu
OD9749,Willams,Beverages,Health Drinks,Madurai,02-05-2017,South,1405.0,0.26,309.1,Tamil Nadu
OD9800,Krithika,Fruits & Veggies,Fresh Vegetables,Viluppuram,12/25/2018,South,2167.0,0.12,195.03,Tamil Nadu
OD9801,Arutra,Food Grains,Organic Staples,,,South,1536.0,0.22,583.68,Tamil Nadu
OD9802,Jackson,,,Salem,12-10-2018,South,788.0,0.34,86.68,Tamil Nadu
OD9803,Yusuf,Oil & Masala,Edible Oil & Ghee,Trichy,3/31/2018,South,,0.24,1057.5,
OD9804,,,Masalas,Tenkasi,4/17/2017,South,,0.27,187.35,Tamil Nadu
OD9805,Kumar,Snacks,Noodles,,3/16/2015,South,2029.0,0.33,142.03,Tamil Nadu
,,Food Grains,Organic Staples,Krishnagiri,11/30/2018,South,1837.0,0.31,753.17,Tamil Nadu
OD9807,Vidya,Snacks,Cookies,Krishnagiri,02-08-2017,South,,0.15,719.4,Tamil Nadu
OD9808,Amrish,Bakery,,Coimbatore,5/26/2016,South,1926.0,0.24,154.08,Tamil Nadu
OD9809,,Food Grains,Dals & Pulses,Ramanadhapuram,12/24/2017,South,1430.0,0.12,257.4,Tamil Nadu
OD9810,Vince,Oil & Masala,Spices,Kanyakumari,,South,1953.0,0.33,,Tamil Nadu
OD9914,,Oil & Masala,,,,South,,0.24,,Tamil Nadu
OD9915,Malik,"Eggs, Meat & Fish",,Cumbum,9/24/2018,South,2002.0,,600.6,Tamil Nadu
OD9917,Surya,Oil & Masala,Masalas,,,South,,0.34,499.5,Tamil Nadu
,,Food Grains,Organic Staples,Cumbum,11-01-2017,South,741.0,0.25,303.81,Tamil Nadu
,Yusuf,Bakery,Biscuits,Ramanadhapuram,11-05-2015,South,,0.35,506.53,Tamil Nadu
OD9920,Mathew,Bakery,,Theni,3/26/2018,South,1790.0,,608.6,Tamil Nadu
,,,Cakes,,5/27/2018,South,,0.19,395.96,Tamil Nadu
OD9923,Esther,"Eggs, Meat & Fish",Fish,Cumbum,01-06-2015,South,1258.0,,364.82,Tamil Nadu
OD9925,Krithika,Bakery,,Pudukottai,8/17/2018,South,,,924.63,Tamil Nadu
OD9926,Sundar,,Spices,Dharmapuri,,South,1916.0,0.21,383.2,Tamil Nadu
,Kumar,,Mutton,Theni,7/24/2016,South,2401.0,,408.17,Tamil Nadu
OD9928,Shah,Bakery,Biscuits,,8/20/2018,South,2371.0,0.15,592.75,Tamil Nadu
OD9929,,,Soft Drinks,,7/31/2018,South,1688.0,,,Tamil Nadu
OD9930,Sabeela,,Breads & Buns,Trichy,4/23/2018,South,2034.0,0.3,,Tamil Nadu
OD9931,Adavan,,,,,South,1363.0,0.25,340.75,Tamil Nadu
,Amy,Bakery,,,10-07-2018,South,854.0,0.12,196.42,Tamil Nadu
OD9933,Ravi,"Eggs, Meat & Fish",Fish,Chennai,11-09-2018,South,1712.0,0.26,,Tamil Nadu
,Sudeep,,Soft Drinks,Dindigul,,South,1316.0,0.18,,Tamil Nadu
,Jonas,Beverages,Health Drinks,Viluppuram,05-05-2017,South,1141.0,0.12,68.46,
OD9936,,Snacks,Noodles,,10/24/2017,South,1411.0,0.16,395.08,Tamil Nadu
OD9940,Adavan,Snacks,Chocolates,Bodi,11-02-2015,South,,0.15,624.0,Tamil Nadu
OD9941,,Beverages,Soft Drinks,,3/18/2015,South,2379.0,0.23,428.22,
OD9942,Amrish,Snacks,Cookies,,3/18/2015,South,1843.0,0.21,829.35,Tamil Nadu
